stock,time,price,shares
JHX,09:30:00.00,57,95
JNJ,09:30:00.00,91.14,548
OPK,09:30:00.00,8.3,300
OPK,09:30:00.00,8.3,63
OMC,09:30:00.00,74.53,100
OMC,09:30:00.00,74.53,24
TWTR,09:30:00.00,64.89,100
TWTR,09:30:00.00,64.89,25
TWTR,09:30:00.00,64.89,245
TWTR,09:30:00.00,64.89,55
USB,09:30:00.00,39.71,400
USB,09:30:00.00,39.71,359
USB,09:30:00.00,39.71,41
USB,09:30:00.00,39.71,259
USB,09:30:00.00,39.71,100
VALE,09:30:00.00,14.88,900
VALE,09:30:00.00,14.88,1000
VALE,09:30:00.00,14.88,100
VALE,09:30:00.00,14.88,1000
VALE,09:30:00.00,14.88,260
VALE,09:30:00.00,14.88,100
BSBR,09:30:00.00,5.87,1100
BSBR,09:30:00.00,5.87,800
BRK.B,09:30:00.00,118.35,422
PNCH,09:30:00.00,0.0001,1000
PUGE,09:30:00.00,0.81,1000
DHI,09:30:00.00,21.8,400
LNKD,09:30:00.00,213.88,100
LMT,09:30:00.00,147.07,100
DGLD,09:30:00.00,79.38,5
CZZ,09:30:00.00,13.42,600
DD,09:30:00.00,64.39,100
DD,09:30:00.00,64.39,100
DD,09:30:00.00,64.39,100
DD,09:30:00.00,64.39,100
XOM,09:30:00.00,100.15,100
XOM,09:30:00.00,100.11,200
XOM,09:30:00.00,100.11,200
EEFT,09:30:00.00,47.39,5
FOXA,09:30:00.00,35.51,500
FOXA,09:30:00.00,35.51,500
FOXA,09:30:00.00,35.51,400
SAPX,09:30:00.00,0.0006,1
SEFE,09:30:00.00,0.0056,500
SEFE,09:30:00.00,0.007,4999
STM,09:30:00.03,7.89,500
STM,09:30:00.03,7.89,500
STM,09:30:00.03,7.89,1500
STM,09:30:00.03,7.89,1500
BTI,09:30:00.03,106.22,100
BTI,09:30:00.03,106.22,100
ADC,09:30:00.03,29.02,1389
ACMP,09:30:00.03,56.44,1250
ABR,09:30:00.03,6.68,126
AFSD,09:30:00.03,21.09,1938
ABEV,09:30:00.03,7.27,900
ABEV,09:30:00.03,7.27,300
ABEV,09:30:00.03,7.27,200
ABEV,09:30:00.03,7.28,500
AEG,09:30:00.03,9.37,500
AAT,09:30:00.03,31.43,703
AEG,09:30:00.03,9.37,600
AEG,09:30:00.03,9.37,500
AAP,09:30:00.03,110.36,9825
AMBA,09:30:00.03,34.01,5
ATX,09:30:00.03,21.56,5
AXGN,09:30:00.03,4.81,5
ANIK,09:30:00.03,37.41,5
ATTU,09:30:00.03,10.05,5
ARLP,09:30:00.03,77.29,5
AMZN,09:30:00.03,397.62,50
AIF,09:30:00.03,17.89,734
AEL,09:30:00.03,26.35,15980
AKP,09:30:00.03,12.13,3557
AJG,09:30:00.03,46.67,8270
ADX,09:30:00.03,13.05,2902
AER,09:30:00.03,38.23,14275
AAN,09:30:00.03,29.43,5746
AGO.PR.E,09:30:00.03,20.51,209
XLE,09:30:00.03,87.98,200
XLE,09:30:00.03,87.98,100
SO,09:30:00.03,41.09,5
DAL,09:30:00.03,27.26,100
DAL,09:30:00.03,27.26,100
AMD,09:30:00.03,3.85,4500
AZN,09:30:00.03,58.57,100
AZN,09:30:00.03,58.56,100
AZN,09:30:00.03,58.56,200
AZN,09:30:00.03,58.57,98
AZN,09:30:00.03,58.57,100
AYN,09:30:00.03,11.85,207
AMID,09:30:00.03,26.75,400
AZN,09:30:00.03,58.57,100
ANW,09:30:00.03,11.15,2105
ARCX,09:30:00.03,21.58,700
AMH,09:30:00.03,16.2,5283
KB,09:30:00.03,39.99,5
KMI,09:30:00.03,35.93,100
KMI,09:30:00.03,35.98,100
UGAZ,09:30:00.03,22.15,5
TNA,09:30:00.03,76.82,100
AAV,09:30:00.03,4.35,1720
ACG,09:30:00.03,7.13,35684
AB,09:30:00.03,21.3,6291
ABB,09:30:00.03,26.17,40958
AIN,09:30:00.03,35.71,602
ACN,09:30:00.03,81.5,100
ACC,09:30:00.03,32.24,9146
ABEV,09:30:00.03,7.27,900
ABC,09:30:00.03,70.11,17427
TNA,09:30:00.03,76.83,200
TNA,09:30:00.03,76.83,400
TWM,09:30:00.03,12.08,2500
TZA,09:30:00.03,17.1,1200
TNA,09:30:00.03,76.85,100
TNA,09:30:00.03,76.83,400
TNA,09:30:00.03,76.84,100
TZA,09:30:00.03,17.1,1000
TZA,09:30:00.03,17.1,900
TZA,09:30:00.03,17.1,500
TNA,09:30:00.03,76.86,500
TNA,09:30:00.03,76.85,200
TNA,09:30:00.03,76.85,100
TZA,09:30:00.03,17.1,500
TNA,09:30:00.03,76.85,400
IYE,09:30:00.03,50.24,200
IGE,09:30:00.03,43.16,197
IWM,09:30:00.03,115.09,100
IWM,09:30:00.03,115.09,1000
IWM,09:30:00.03,115.09,2986
IWM,09:30:00.03,115.09,100
IWM,09:30:00.03,115.09,100
TZA,09:30:00.03,17.1,100
TNA,09:30:00.03,76.86,500
TZA,09:30:00.03,17.1,600
TZA,09:30:00.03,17.1,1300
TZA,09:30:00.03,17.1,500
TZA,09:30:00.03,17.1,700
TWM,09:30:00.03,12.08,1700
TNA,09:30:00.03,76.83,200
TNA,09:30:00.03,76.86,500
TWM,09:30:00.03,12.08,621
TNA,09:30:00.03,76.87,100
TNA,09:30:00.03,76.84,100
TNA,09:30:00.03,76.87,100
TWM,09:30:00.03,12.08,2200
IWM,09:30:00.03,115.09,800
IWM,09:30:00.03,115.09,14
IWM,09:30:00.03,115.09,3000
ANH,09:30:00.03,4.19,13812
TNA,09:30:00.03,76.88,200
TNA,09:30:00.03,76.84,300
TWM,09:30:00.03,12.08,100
ABGB,09:30:00.03,14.57,5
ADP,09:30:00.03,80.13,5
ADI,09:30:00.03,49.37,5
AEZS,09:30:00.03,1.4,5
AIXG,09:30:00.03,14.17,5
AAPL,09:30:00.03,555.99,35
AMC,09:30:00.03,20.62,6014
AN,09:30:00.03,49.48,29956
AMP.PR.A,09:30:00.03,25.66,1000
AMTD,09:30:00.03,30.65,14841
AMD,09:30:00.03,3.85,4500
APL,09:30:00.03,35.09,4399
AMP,09:30:00.03,114.58,11430
TNA,09:30:00.03,76.85,100
TNA,09:30:00.03,76.83,200
TWM,09:30:00.03,12.08,800
TNA,09:30:00.03,76.86,500
TNA,09:30:00.03,76.85,100
TNA,09:30:00.03,76.87,400
TNA,09:30:00.03,76.88,500
TNA,09:30:00.03,76.86,500
TNA,09:30:00.03,76.88,500
TNA,09:30:00.03,76.9,500
TNA,09:30:00.03,76.87,100
TNA,09:30:00.03,76.86,200
TNA,09:30:00.03,76.89,500
TNA,09:30:00.03,76.88,500
TNA,09:30:00.03,76.84,100
TNA,09:30:00.03,76.87,200
TNA,09:30:00.03,76.87,100
TVIX,09:30:00.03,7.66,19846
VCIT,09:30:00.03,82.76,5
VCSH,09:30:00.03,79.78,5
VIIZ,09:30:00.03,21.96,5
VCLT,09:30:00.03,83.26,5
VISN,09:30:00.03,24.11,5
VTWO,09:30:00.03,91.85,5
VRSN,09:30:00.03,59.43,100
USMO,09:30:00.03,14.29,924
EEFT,09:30:00.03,47.41,5
ENDP,09:30:00.03,64.67,5
EMMS,09:30:00.03,2.69,5
SNCR,09:30:00.03,29.65,5
SPIL,09:30:00.03,5.94,5
HOFT,09:30:00.03,16.67,495
HOFT,09:30:00.03,16.67,495
GRMN,09:30:00.03,45.7,5
GSJK,09:30:00.03,20.15,5
GYRO,09:30:00.03,11.45,5
ICGE,09:30:00.03,18.44,5
ICLD,09:30:00.03,16.9,5
USMO,09:30:00.03,14.29,924
IWM,09:30:00.03,115.1,1000
IWM,09:30:00.03,115.09,5886
IWM,09:30:00.03,115.09,3000
IWM,09:30:00.03,115.09,5886
IWM,09:30:00.03,115.1,1000
IWM,09:30:00.03,115.09,3000
IWM,09:30:00.03,115.09,1228
PLBC,09:30:00.03,6.2,5
PCBK,09:30:00.03,15.88,5
PHMD,09:30:00.03,14.15,5
PTSI,09:30:00.03,20.62,5
PAMT,09:30:00.03,13.92,5
PSCD,09:30:00.03,48.48,5
IBB,09:30:00.03,226.86,33
IBB,09:30:00.03,226.86,518
IBB,09:30:00.03,226.87,6
MAR,09:30:00.03,49.02,5
MFRI,09:30:00.03,15.01,5
MAT,09:30:00.03,47.58,5
THRM,09:30:00.03,27.03,5
TECUB,09:30:00.03,9.13,5
SWIR,09:30:00.03,24.82,5
THRM,09:30:00.03,26.9,5
SYNA,09:30:00.03,51.18,5
SQQQ,09:30:00.03,14.54,5
NEWL,09:30:00.03,1.72,5
NICE,09:30:00.03,40.17,1
OBAS,09:30:00.03,5.47,5
OMAB,09:30:00.03,26.45,100
SIAL,09:30:00.03,93.48,5
SILC,09:30:00.03,45.74,5
SHPG,09:30:00.03,139.98,3
TVIX,09:30:00.03,7.66,19846
TQQQ,09:30:00.03,122.42,4
UNAM,09:30:00.03,13.28,5
UIHC,09:30:00.03,13.54,5
TWTC,09:30:00.03,30.58,5
TQQQ,09:30:00.03,122.41,200
TQQQ,09:30:00.03,122.41,200
TQQQ,09:30:00.03,122.42,1
TQQQ,09:30:00.03,122.42,200
TQQQ,09:30:00.03,122.41,100
TQQQ,09:30:00.03,122.42,47
ACRE,09:30:00.03,13.1,541
ACP,09:30:00.03,17.51,8715
ACW,09:30:00.03,3.72,1345
A,09:30:00.03,57.1,37578
ACN,09:30:00.03,81.5,100
AEG,09:30:00.03,9.37,500
AF.PR.C,09:30:00.03,21.91,500
AEG,09:30:00.03,9.37,500
AHC,09:30:00.03,7.43,900
AHT.PR.D,09:30:00.03,25.12,500
EMCB,09:30:00.03,74.43,100
EMCB,09:30:00.03,74.43,100
EEFT,09:30:00.03,47.41,8184
EEFT,09:30:00.03,47.41,8184
DRYS,09:30:00.03,4.39,12
DRYS,09:30:00.03,4.39,12
IWM,09:30:00.03,115.1,2000
IWM,09:30:00.03,115.11,2000
IWM,09:30:00.03,115.11,2000
IWM,09:30:00.03,115.11,2000
IWM,09:30:00.03,115.11,2000
IWM,09:30:00.03,115.1,100
IWM,09:30:00.03,115.12,1000
IWM,09:30:00.03,115.12,2000
IWM,09:30:00.03,115.13,2000
IWM,09:30:00.03,115.14,1000
BANX,09:30:00.03,24.5,5
BOOM,09:30:00.03,21.79,5
BOOM,09:30:00.03,21.79,2320
BOOM,09:30:00.03,21.79,2320
BIIB,09:30:00.03,280.3,70
DGLD,09:30:00.03,79.4,5
FBMS,09:30:00.03,14.15,5
FCVA,09:30:00.03,4.56,600
FCVA,09:30:00.03,4.56,600
FSLR,09:30:00.03,54.4,100
AMRC,09:30:00.03,9.67,433
ALP.PR.P,09:30:00.03,24.16,513
ALU,09:30:00.03,4.42,900
ALU,09:30:00.03,4.42,900
ASG,09:30:00.03,5.6,7357
ARW,09:30:00.03,54.12,4582
ASH,09:30:00.03,96.55,6492
AOS,09:30:00.03,53.93,3544
AWF,09:30:00.03,14.32,6311
APU,09:30:00.03,44.19,2288
ROICU,09:30:00.03,18,5
QGEN,09:30:00.03,23.31,5
ROBO,09:30:00.03,27.75,5
RNA,09:30:00.03,4.66,2209
RNA,09:30:00.03,4.66,2209
RDCM,09:30:00.03,5.38,5
QCOR,09:30:00.03,54.45,5
QQQ,09:30:00.03,87.55,100
FTEK,09:30:00.03,7.23,5
GOLD,09:30:00.03,63.36,5
GNTX,09:30:00.03,32.9,5
GIII,09:30:00.03,73.17,5
FTSL,09:30:00.03,49.67,5
GMLP,09:30:00.03,30.4,5
GOOG,09:30:00.03,1115.5,100
GOOG,09:30:00.03,1115.5,100
GOOG,09:30:00.03,1115.15,5
BAF,09:30:00.03,12.91,1168
BAP,09:30:00.03,132,2
BAS,09:30:00.03,15.81,9580
BBF,09:30:00.03,12.46,308
BAC,09:30:00.03,15.69,100
BAC,09:30:00.03,15.69,100
LDRH,09:30:00.03,23.92,5
KIRK,09:30:00.03,23.66,5
KLIC,09:30:00.03,13.21,5
JMBA,09:30:00.03,12.33,625
JMBA,09:30:00.03,12.33,625
V,09:30:00.03,221.53,100
V,09:30:00.03,221.53,200
V,09:30:00.03,221.5,100
UTX,09:30:00.03,112.95,200
V,09:30:00.03,221.57,100
V,09:30:00.03,221.59,1
UTX,09:30:00.03,112.95,200
UTX,09:30:00.03,112.97,200
UTX,09:30:00.03,112.91,200
SDRL,09:30:00.03,40.46,200
SDRL,09:30:00.03,40.46,200
BAC,09:30:00.03,15.69,700
BAC,09:30:00.03,15.69,200
BEN,09:30:00.03,57.36,500
BEN,09:30:00.03,57.36,100
BAC,09:30:00.03,15.685,100
BAC,09:30:00.03,15.69,300
BAC,09:30:00.03,15.69,2000
BAC,09:30:00.03,15.69,500
AIW,09:30:00.03,21.62,150
DUG,09:30:00.03,49.69,100
DUST,09:30:00.03,41.24,100
CAR,09:30:00.03,40.21,5
CAMBU,09:30:00.03,10.04,5
CELG,09:30:00.03,169.1,100
CHTR,09:30:00.03,137.15,3
CETV,09:30:00.03,3.82,5
CHNR,09:30:00.03,3.92,5
CLFD,09:30:00.03,19.76,5
CCRN,09:30:00.03,10.11,5
CHKP,09:30:00.03,63.65,5
CINF,09:30:00.03,52.15,5
C,09:30:00.03,52.01,400
C,09:30:00.03,52.02,400
C,09:30:00.03,52.02,2
C,09:30:00.03,52.03,100
C,09:30:00.03,52.03,400
CIT,09:30:00.03,51.92,3
C,09:30:00.03,52.02,200
C,09:30:00.03,52.02,100
BTU,09:30:00.03,19.49,400
BTU,09:30:00.03,19.49,100
BTU,09:30:00.03,19.49,500
C,09:30:00.03,52.03,100
C,09:30:00.03,52.03,200
EWS,09:30:00.03,13.04,120
BYI,09:30:00.03,78.39,200
C,09:30:00.03,52.03,100
C,09:30:00.03,52.03,100
BUD,09:30:00.03,103.67,300
BRK.B,09:30:00.03,118.34,100
CCL,09:30:00.03,39.6,500
ACMP,09:30:00.03,56.35,50
AL,09:30:00.03,31.07,5047
AFB,09:30:00.03,12.44,29848
AIT,09:30:00.03,48.88,665
AIR,09:30:00.03,27.93,2064
AGC,09:30:00.03,7.28,15415
ADM,09:30:00.03,43.22,42355
NETC,09:30:00.03,9.6,1031
NETC,09:30:00.03,9.6,1031
NFLX,09:30:00.03,366.81,100
INTU,09:30:00.03,75.73,5
INOC,09:30:00.03,8.18,5
INTC,09:30:00.03,25.78,24
ISLE,09:30:00.03,8.94,139
ISLE,09:30:00.03,8.94,139
ZEUS,09:30:00.03,29.12,5
ZIV,09:30:00.03,38.65,5
XNCR,09:30:00.03,9.39,5
ZU,09:30:00.03,41.95,1694
ZU,09:30:00.03,41.95,1694
XLE,09:30:00.03,87.98,200
TS,09:30:00.03,43.41,100
TS,09:30:00.03,43.38,100
TS,09:30:00.03,43.41,100
TS,09:30:00.03,43.4,100
QLD,09:30:00.03,98.71,100
CVGW,09:30:00.03,30.41,5
CRNT,09:30:00.03,3.02,5
CME,09:30:00.03,77.92,50
CMCSA,09:30:00.03,51.8,200
CMCSA,09:30:00.03,51.8,800
SPY,09:30:00.03,183.98,500
SPY,09:30:00.03,183.98,500
SPY,09:30:00.03,183.98,200
SPY,09:30:00.03,183.98,500
SPY,09:30:00.03,183.98,1000
SPY,09:30:00.03,183.98,1000
SPY,09:30:00.03,183.98,800
SPY,09:30:00.03,183.98,100
SPY,09:30:00.03,183.98,100
SPXU,09:30:00.03,15.25,100
VNQ,09:30:00.03,64.26,25
VNQ,09:30:00.03,64.29,25
VNQ,09:30:00.03,64.29,200
VNQ,09:30:00.03,64.28,300
VNQ,09:30:00.03,64.29,175
VNQ,09:30:00.03,64.29,25
XLE,09:30:00.03,87.98,100
XLV,09:30:00.03,55.3,193
XLI,09:30:00.03,51.98,100
XLE,09:30:00.03,87.99,200
XLE,09:30:00.03,87.99,200
AFT,09:30:00.03,18.02,9078
ALLE,09:30:00.03,44.08,9402
IWM,09:30:00.03,115.14,2000
IWM,09:30:00.03,115.14,1886
ITM,09:30:00.03,22.08,200
IWM,09:30:00.03,115.12,2000
IWM,09:30:00.03,115.1,800
IWM,09:30:00.03,115.1,900
IWM,09:30:00.03,115.1,500
WDAY,09:30:00.03,82.15,5
WMT,09:30:00.03,78.69,100
WFC,09:30:00.03,45.2,600
SPY,09:30:00.03,183.97,200
SPY,09:30:00.03,183.98,100
SPY,09:30:00.03,183.97,200
SPY,09:30:00.03,183.98,1000
SPY,09:30:00.03,183.97,100
SPY,09:30:00.03,183.98,1000
SPY,09:30:00.03,183.98,2600
SPY,09:30:00.03,183.98,1000
SPY,09:30:00.03,183.97,400
SPY,09:30:00.03,183.97,1000
SPY,09:30:00.03,183.97,1000
SPY,09:30:00.03,183.97,400
SPY,09:30:00.03,183.97,3500
SPY,09:30:00.03,183.98,200
SPY,09:30:00.03,183.99,100
SPY,09:30:00.03,183.98,400
SPY,09:30:00.03,183.97,1000
ALDW,09:30:00.03,16.38,2759
AHL.PR.A,09:30:00.03,25.24,103
AFL,09:30:00.03,66.63,24933
AGX,09:30:00.03,27.57,1064
AKO.B,09:30:00.03,27.9,387
ESRX,09:30:00.03,70.18,18
FB,09:30:00.03,54.83,175
ESSA,09:30:00.03,11.47,85
IWM,09:30:00.05,115.1,800
IWM,09:30:00.05,115.1,100
IWM,09:30:00.05,115.11,800
IWM,09:30:00.05,115.1,100
IWM,09:30:00.05,115.09,1000
IWM,09:30:00.05,115.1,2
IWM,09:30:00.05,115.11,900
IWM,09:30:00.05,115.1,400
IWM,09:30:00.05,115.1,300
IWM,09:30:00.05,115.11,1000
BAC,09:30:00.05,15.69,100
BEN,09:30:00.05,57.34,1000
BAC,09:30:00.05,15.685,100
BAC,09:30:00.05,15.69,2000
BAC,09:30:00.05,15.69,100
BAC,09:30:00.05,15.69,300
BAC,09:30:00.05,15.69,100
BAC,09:30:00.05,15.69,100
BBD,09:30:00.05,12.21,1100
BBD,09:30:00.05,12.21,300
BBD,09:30:00.05,12.21,700
BCS,09:30:00.05,18.11,400
GDX,09:30:00.05,21.59,800
LSI,09:30:00.05,11.01,500
BCS,09:30:00.05,18.11,600
BAC,09:30:00.05,15.69,800
BAC,09:30:00.05,15.69,5000
BAC,09:30:00.05,15.69,300
BAC,09:30:00.05,15.69,100
BAC,09:30:00.05,15.69,2000
IWM,09:30:00.05,115.1,500
IWM,09:30:00.05,115.12,1000
IWM,09:30:00.05,115.1,900
IWM,09:30:00.05,115.1,600
IWM,09:30:00.05,115.1,1400
IWM,09:30:00.05,115.09,1000
IWM,09:30:00.05,115.11,1000
IJH,09:30:00.05,133.49,2000
MZOR,09:30:00.05,20.6,6851
MZOR,09:30:00.05,20.6,6851
MZOR,09:30:00.05,20.6,1000
AMP,09:30:00.05,114.63,200
AVT,09:30:00.05,43.93,9881
AVB,09:30:00.05,118.26,200
AVB,09:30:00.05,118.26,100
AVB,09:30:00.05,118.25,100
ALU,09:30:00.05,4.42,2500
AVB,09:30:00.05,118.25,100
DIA,09:30:00.05,164.79,300
DIA,09:30:00.05,164.8,500
DIA,09:30:00.05,164.8,400
DIA,09:30:00.05,164.8,400
DIA,09:30:00.05,164.8,247
DIA,09:30:00.05,164.81,400
DIA,09:30:00.05,164.81,400
DIA,09:30:00.05,164.82,400
DIA,09:30:00.05,164.81,400
PMM,09:30:00.05,6.78,1
PMM,09:30:00.05,6.78,1
PFE,09:30:00.05,30.47,100
PRGO,09:30:00.05,152.42,100
PFE,09:30:00.05,30.47,900
PFE,09:30:00.05,30.47,900
PBR,09:30:00.05,13.46,200
LMT,09:30:00.05,147.09,100
LMT,09:30:00.05,147.09,200
MMM,09:30:00.05,137.98,100
LMT,09:30:00.05,147.1,100
LMT,09:30:00.05,147.08,100
LMT,09:30:00.05,147.31,100
JPM,09:30:00.05,58.2,800
JPM,09:30:00.05,58.2,100
KMI,09:30:00.05,35.98,100
KMI,09:30:00.05,35.98,100
JPM,09:30:00.05,58.2,1600
JPM,09:30:00.05,58.2,2500
JNJ,09:30:00.05,91.28,300
KMI,09:30:00.05,35.98,100
FET,09:30:00.05,28.15,2
F,09:30:00.05,15.45,1600
FBR,09:30:00.05,11.75,100
FCX,09:30:00.05,37.72,100
FCX,09:30:00.05,37.73,200
GE,09:30:00.05,27.865,900
GE,09:30:00.05,27.86,258
GE,09:30:00.05,27.87,579
GE,09:30:00.05,27.88,450
GE,09:30:00.05,27.865,500
GE,09:30:00.05,27.87,400
GE,09:30:00.05,27.87,500
GE,09:30:00.05,27.88,400
GME,09:30:00.05,49.24,200
GME,09:30:00.05,49.24,200
GME,09:30:00.05,49.25,700
GNW,09:30:00.05,15.49,100
IWM,09:30:00.05,115.12,148
IWM,09:30:00.05,115.13,852
IWM,09:30:00.05,115.09,1000
IWM,09:30:00.05,115.09,2000
IWM,09:30:00.05,115.1,1000
IWM,09:30:00.05,115.09,800
IWM,09:30:00.05,115.09,2000
IWM,09:30:00.05,115.1,200
IWM,09:30:00.05,115.1,2000
EQR,09:30:00.05,51.82,200
EQR,09:30:00.05,51.81,100
NLY,09:30:00.05,9.98,400
LMT,09:30:00.05,147.08,100
MMM,09:30:00.05,137.89,100
SPY,09:30:00.05,183.97,1000
SPY,09:30:00.05,183.98,1000
SPY,09:30:00.05,183.975,500
SPY,09:30:00.05,183.97,500
SPY,09:30:00.05,183.98,500
SPY,09:30:00.05,183.97,400
SPY,09:30:00.05,183.97,100
SPY,09:30:00.05,183.97,400
SPY,09:30:00.05,183.99,200
SPY,09:30:00.05,183.97,1000
SPY,09:30:00.05,183.99,1800
SPY,09:30:00.05,183.99,500
SPY,09:30:00.05,183.99,100
SPY,09:30:00.05,183.99,100
SPY,09:30:00.05,183.98,200
SPY,09:30:00.05,183.98,200
SPY,09:30:00.05,183.97,69
GME,09:30:00.05,49.25,100
AVB,09:30:00.05,118.25,27
AON,09:30:00.05,83.34,1000
AMED,09:30:00.05,14.6,3162
AMED,09:30:00.05,14.6,3162
AMGN,09:30:00.05,114.35,20
AMGN,09:30:00.05,114.37,80
AMPE,09:30:00.05,7.16,6279
ALTV,09:30:00.05,8.14,300
DD,09:30:00.05,64.36,200
DHI,09:30:00.05,21.79,400
DAL,09:30:00.05,27.28,400
DB,09:30:00.05,46.85,200
DEO,09:30:00.05,131.38,500
DEO,09:30:00.05,131.37,100
DEO,09:30:00.05,131.37,100
DEO,09:30:00.05,131.38,300
DEO,09:30:00.05,131.38,100
DB,09:30:00.05,46.85,100
DB,09:30:00.05,46.85,200
DB,09:30:00.05,46.85,200
DB,09:30:00.05,46.85,100
TNA,09:30:00.05,76.89,100
TNA,09:30:00.05,76.89,100
TNA,09:30:00.05,76.85,100
TZA,09:30:00.05,17.1,800
TNA,09:30:00.05,76.82,200
TNA,09:30:00.05,76.85,800
TZA,09:30:00.05,17.1,200
TNA,09:30:00.05,76.85,100
TNA,09:30:00.05,76.84,100
TNA,09:30:00.05,76.84,100
TNA,09:30:00.05,76.84,100
TNA,09:30:00.05,76.89,100
TNA,09:30:00.05,76.89,100
TNA,09:30:00.05,76.82,400
TZA,09:30:00.05,17.09,200
TNA,09:30:00.05,76.84,100
TNA,09:30:00.05,76.8,400
IWM,09:30:00.05,115.1,100
IWM,09:30:00.05,115.11,100
IWM,09:30:00.05,115.11,100
IWM,09:30:00.05,115.11,100
IWM,09:30:00.05,115.09,600
IWM,09:30:00.05,115.08,200
IWM,09:30:00.05,115.11,714
IWM,09:30:00.05,115.1,1300
IWM,09:30:00.05,115.1,700
IWM,09:30:00.05,115.09,1400
IWM,09:30:00.05,115.1,1000
IWM,09:30:00.05,115.11,100
IWM,09:30:00.05,115.11,1000
IWM,09:30:00.05,115.12,100
IWM,09:30:00.05,115.12,1000
IWM,09:30:00.05,115.13,700
IWM,09:30:00.05,115.12,100
UWM,09:30:00.05,84.81,400
UWM,09:30:00.05,84.8,100
UWM,09:30:00.05,84.8,400
UWM,09:30:00.05,84.79,400
URTY,09:30:00.05,88.05,50
UWM,09:30:00.05,84.82,100
UPRO,09:30:00.05,95.22,100
UPRO,09:30:00.05,95.22,200
UPRO,09:30:00.05,95.22,300
UPRO,09:30:00.05,95.21,300
UPRO,09:30:00.05,95.21,300
UPRO,09:30:00.05,95.21,300
UPRO,09:30:00.05,95.21,700
VEA,09:30:00.05,41.22,110
SDS,09:30:00.05,29.88,300
SDS,09:30:00.05,29.88,1100
SDS,09:30:00.05,29.88,800
SDS,09:30:00.05,29.88,900
MS,09:30:00.05,31.29,100
MS,09:30:00.05,31.3,2900
MS,09:30:00.05,31.3,300
MS,09:30:00.05,31.3,300
MS,09:30:00.05,31.3,200
MO,09:30:00.05,38.23,500
MO,09:30:00.05,38.23,300
AMCO,09:30:00.05,0.303,90
APTS,09:30:00.05,7.95,800
ACI,09:30:00.05,4.43,34912
AH,09:30:00.05,9.1,1524
ADT,09:30:00.05,40.4,39087
ABX,09:30:00.05,17.93,500
ALB,09:30:00.05,63.38,5461
IGT,09:30:00.05,18.1,100
IGT,09:30:00.05,18.1,100
IGT,09:30:00.05,18.1,100
IGT,09:30:00.05,18.1,100
IGT,09:30:00.05,18.1,100
BRK.B,09:30:00.05,118.35,1078
BRK.B,09:30:00.05,118.35,322
BSBR,09:30:00.05,5.88,1700
BSBR,09:30:00.05,5.88,800
BSBR,09:30:00.05,5.88,500
CAM,09:30:00.05,59.16,200
C,09:30:00.05,52,50
CAM,09:30:00.05,59.16,400
C,09:30:00.05,52,50
C,09:30:00.05,52.03,400
BUD,09:30:00.05,103.67,200
BRK.A,09:30:00.05,177500,1
BSBR,09:30:00.05,5.88,1000
BUD,09:30:00.05,103.67,100
BUD,09:30:00.05,103.67,100
BUD,09:30:00.05,103.67,100
CAM,09:30:00.05,59.16,400
AA,09:30:00.05,10.53,53
AEG,09:30:00.05,9.37,500
AFB,09:30:00.05,12.49,1
AHS,09:30:00.05,14.57,21767
AIZ,09:30:00.05,66.04,8075
AFG,09:30:00.05,57.54,1764
SPY,09:30:00.05,183.97,300
SPY,09:30:00.05,183.97,131
SPY,09:30:00.05,183.97,400
SPY,09:30:00.05,183.97,69
SPY,09:30:00.05,183.97,131
SPY,09:30:00.05,183.97,400
SPY,09:30:00.05,183.97,100
IGT,09:30:00.05,18.1,100
IGT,09:30:00.05,18.1,100
IGT,09:30:00.05,18.1,100
IGT,09:30:00.05,18.1,100
SPY,09:30:00.05,183.97,200
SPY,09:30:00.05,183.98,500
SPY,09:30:00.05,183.98,500
SPY,09:30:00.05,183.98,500
SPY,09:30:00.05,183.98,500
SPY,09:30:00.05,183.98,800
SPY,09:30:00.05,183.98,500
SPY,09:30:00.05,183.98,500
SPY,09:30:00.05,183.98,100
SPY,09:30:00.05,183.98,400
CVC,09:30:00.05,17.83,100
AHL,09:30:00.05,41.34,4284
ACMP,09:30:00.05,56.44,50
AFC,09:30:00.05,22.92,500
ADM,09:30:00.05,43.25,100
ALE,09:30:00.05,49.88,956
AGN,09:30:00.05,110.75,30393
ACI,09:30:00.05,4.44,100
ACCO,09:30:00.05,6.75,13056
AGCO,09:30:00.05,59.02,9889
ADRU,09:30:00.05,24.51,1060
ADRU,09:30:00.05,24.51,1060
ACWX,09:30:00.05,46.15,2074
ACWX,09:30:00.05,46.15,2074
ADI,09:30:00.05,49.5,100
ADRU,09:30:00.05,24.5,400
FSLR,09:30:00.05,54.4,100
FAST,09:30:00.05,47.56,500
ESSA,09:30:00.05,11.47,85
ERIC,09:30:00.05,12.07,180
NFLX,09:30:00.05,366.81,100
CERN,09:30:00.05,55.49,147
LSI,09:30:00.05,11.02,2891
LSI,09:30:00.05,11.02,300
LSI,09:30:00.05,11.02,409
LSI,09:30:00.05,11.02,100
LLTC,09:30:00.05,45.5,100
KIPO,09:30:00.05,6.12,2000
KIPO,09:30:00.05,6.12,2000
VOD,09:30:00.05,39.02,400
RHI,09:30:00.05,41.67,100
RHI,09:30:00.05,41.69,100
RIG,09:30:00.05,49.39,300
URBN,09:30:00.05,38.47,100
URBN,09:30:00.05,38.47,300
URBN,09:30:00.05,38.47,200
XOM,09:30:00.05,100.24,100
XOM,09:30:00.05,100.24,200
SPY,09:30:00.05,183.98,500
SPY,09:30:00.05,183.98,400
SPY,09:30:00.05,183.98,200
SPY,09:30:00.05,183.96,200
SPY,09:30:00.05,183.96,100
SPY,09:30:00.05,183.96,400
SPY,09:30:00.05,183.96,400
SPY,09:30:00.05,183.96,400
SPY,09:30:00.05,183.98,300
SPY,09:30:00.05,183.97,200
SPY,09:30:00.05,183.98,1000
SPY,09:30:00.05,183.97,500
SPY,09:30:00.05,183.97,900
SPY,09:30:00.05,183.97,1000
SPY,09:30:00.05,183.97,300
SPY,09:30:00.05,183.97,100
SPXU,09:30:00.05,15.25,5
ALJ,09:30:00.05,16.4,7801
AGO,09:30:00.05,23.59,11593
AA,09:30:00.05,10.53,100
AHH,09:30:00.05,9.25,395
ABX,09:30:00.05,17.92,200
ABBV,09:30:00.05,52.12,500
AIG,09:30:00.05,50.83,700
ABBV,09:30:00.05,52.12,700
ADT,09:30:00.05,40.44,500
ADT,09:30:00.05,40.47,159
ACI,09:30:00.05,4.43,1300
WAG,09:30:00.05,57.14,82
WAG,09:30:00.05,57.03,18
X,09:30:00.05,29.91,100
WMT,09:30:00.05,78.69,100
X,09:30:00.05,29.96,100
X,09:30:00.05,29.92,78
X,09:30:00.05,29.91,22
SDRL,09:30:00.05,40.47,200
SDRL,09:30:00.05,40.47,300
GS,09:30:00.05,176.95,1
GS,09:30:00.05,176.95,99
GS,09:30:00.05,176.95,100
HMY,09:30:00.05,2.57,100
GS,09:30:00.05,176.98,100
GS,09:30:00.05,177.02,100
GS,09:30:00.05,176.99,100
DIA,09:30:00.05,164.82,400
DIA,09:30:00.05,164.82,400
DIA,09:30:00.05,164.81,100
DIA,09:30:00.05,164.8,100
DIA,09:30:00.05,164.82,400
DIA,09:30:00.05,164.79,100
DIA,09:30:00.05,164.8,100
DIA,09:30:00.05,164.8,100
DIA,09:30:00.05,164.79,300
DIA,09:30:00.05,164.81,300
DDM,09:30:00.05,114.3,200
DIA,09:30:00.05,164.8,45
QQQ,09:30:00.05,87.56,500
QQQ,09:30:00.05,87.56,200
QQQ,09:30:00.05,87.56,800
QQQ,09:30:00.05,87.56,400
QQQ,09:30:00.05,87.56,400
QQQ,09:30:00.05,87.56,300
QQQ,09:30:00.05,87.56,400
QQQ,09:30:00.05,87.56,200
QQQ,09:30:00.05,87.56,200
QQQ,09:30:00.05,87.56,100
QQQ,09:30:00.05,87.555,400
QQQ,09:30:00.05,87.55,1000
QQQ,09:30:00.05,87.55,100
QQQ,09:30:00.05,87.55,100
QQQ,09:30:00.05,87.55,100
QQQ,09:30:00.05,87.55,200
QQQ,09:30:00.05,87.56,1600
QQQ,09:30:00.05,87.56,100
QQQ,09:30:00.05,87.56,600
ROST,09:30:00.05,75.35,35
QQQ,09:30:00.05,87.55,1000
QQQ,09:30:00.05,87.55,1000
QQQ,09:30:00.05,87.56,2000
AAU,09:30:00.05,1.19,2756
ADK,09:30:00.05,4.26,5
XLE,09:30:00.05,88,500
XLE,09:30:00.05,88,200
XLE,09:30:00.05,88,500
XLE,09:30:00.05,88,300
AOS,09:30:00.05,53.86,1
APC,09:30:00.05,79.04,100
DB,09:30:00.05,46.85,100
DB,09:30:00.05,46.85,300
DB,09:30:00.05,46.85,100
DB,09:30:00.05,46.85,200
DB,09:30:00.05,46.85,200
BAC,09:30:00.05,15.69,100
BAC,09:30:00.05,15.69,100
BAC,09:30:00.05,15.69,3300
BAC,09:30:00.05,15.69,300
BAC,09:30:00.05,15.69,500
BAC,09:30:00.05,15.69,200
BBD,09:30:00.05,12.21,900
BAC,09:30:00.05,15.69,100
BEN,09:30:00.05,57.38,2
BAC,09:30:00.05,15.69,700
BAC,09:30:00.05,15.69,100
BBY,09:30:00.05,39.75,300
BEN,09:30:00.05,57.38,98
BLOX,09:30:00.05,32.81,2
UTX,09:30:00.05,112.91,200
V,09:30:00.05,221.59,199
SSO,09:30:00.05,101.75,100
SSO,09:30:00.05,101.75,10
SSO,09:30:00.05,101.75,100
SSO,09:30:00.05,101.76,500
SSO,09:30:00.05,101.76,500
SSO,09:30:00.05,101.75,500
SSO,09:30:00.05,101.77,100
SSO,09:30:00.05,101.77,900
KMI,09:30:00.05,35.98,100
KMI,09:30:00.05,35.99,100
HMY,09:30:00.05,2.58,100
GS,09:30:00.05,176.99,100
GS,09:30:00.05,177,100
GS,09:30:00.05,176.99,100
GS,09:30:00.05,177,100
GS,09:30:00.05,177,100
GS,09:30:00.05,177,99
LOW,09:30:00.05,49.44,3
LMT,09:30:00.05,147.1,100
ADI,09:30:00.05,49.52,100
ADI,09:30:00.05,49.51,100
ADI,09:30:00.05,49.52,100
IWM,09:30:00.05,115.1,1000
IWM,09:30:00.05,115.08,1200
IEV,09:30:00.05,46.76,106
IWM,09:30:00.05,115.1,1000
IWM,09:30:00.05,115.08,800
IWM,09:30:00.05,115.09,1000
IWM,09:30:00.05,115.08,400
IWM,09:30:00.05,115.09,100
MVV,09:30:00.05,126.21,500
MVV,09:30:00.05,126.21,500
EFA,09:30:00.05,66.26,1200
ERX,09:30:00.05,88.47,100
EFA,09:30:00.05,66.26,225
ERX,09:30:00.05,88.47,100
ERX,09:30:00.05,88.47,100
ERX,09:30:00.05,88.47,100
DXD,09:30:00.05,27.64,1500
SDOW,09:30:00.05,29.78,900
SDOW,09:30:00.05,29.78,100
XLNX,09:30:00.05,46.62,100
XLNX,09:30:00.05,46.62,100
XLNX,09:30:00.05,46.62,300
XLNX,09:30:00.05,46.62,100
TNA,09:30:00.05,76.85,100
TZA,09:30:00.05,17.1,500
TZA,09:30:00.05,17.1,200
TZA,09:30:00.05,17.1,200
TNA,09:30:00.05,76.85,100
TNA,09:30:00.05,76.84,100
TNA,09:30:00.05,76.85,100
TNA,09:30:00.05,76.83,200
TNA,09:30:00.05,76.82,100
TNA,09:30:00.05,76.82,100
TNA,09:30:00.05,76.81,100
TNA,09:30:00.05,76.81,100
TZA,09:30:00.05,17.09,1000
TZA,09:30:00.05,17.09,500
TLT,09:30:00.05,101.71,638
TNA,09:30:00.05,76.85,100
TZA,09:30:00.05,17.09,400
IWM,09:30:00.05,115.08,600
IWM,09:30:00.05,115.08,300
IWM,09:30:00.05,115.08,500
IWM,09:30:00.05,115.09,100
IWM,09:30:00.05,115.09,201
IWM,09:30:00.05,115.09,201
IWM,09:30:00.05,115.09,300
IWM,09:30:00.05,115.09,600
IWM,09:30:00.05,115.1,400
SDOW,09:30:00.05,29.78,1100
SDS,09:30:00.05,29.88,300
SDS,09:30:00.05,29.88,300
SDS,09:30:00.05,29.88,300
SDS,09:30:00.05,29.88,300
SDS,09:30:00.05,29.88,200
SDS,09:30:00.05,29.89,1169
SDS,09:30:00.05,29.89,1931
SDS,09:30:00.05,29.89,100
SDOW,09:30:00.05,29.78,500
SDS,09:30:00.05,29.88,100
SDS,09:30:00.05,29.88,100
SDS,09:30:00.05,29.89,100
SDS,09:30:00.05,29.89,900
SDS,09:30:00.05,29.89,100
LLTC,09:30:00.05,45.48,100
SPY,09:30:00.05,183.97,500
SPY,09:30:00.05,183.97,2000
SPY,09:30:00.05,183.97,100
SPXU,09:30:00.05,15.25,5
SPY,09:30:00.05,183.95,400
SPY,09:30:00.05,183.96,500
SPY,09:30:00.05,183.95,400
SPY,09:30:00.05,183.95,1000
SPY,09:30:00.05,183.96,500
SPY,09:30:00.05,183.96,900
SPXL,09:30:00.05,63.09,500
SPY,09:30:00.05,183.98,200
A,09:30:00.05,57.01,100
AEM,09:30:00.05,27.03,250
ADM,09:30:00.05,43.26,7
ACI,09:30:00.05,4.43,100
ACI,09:30:00.05,4.43,1600
AMGN,09:30:00.05,114.37,47
AMGN,09:30:00.05,114.36,253
SPXL,09:30:00.05,63.12,100
SPY,09:30:00.05,183.98,200
SPY,09:30:00.05,183.98,100
SPY,09:30:00.05,183.99,9000
SPY,09:30:00.05,183.99,500
XLNX,09:30:00.05,46.62,391
XLNX,09:30:00.05,46.62,100
PLUG,09:30:00.05,2.05,400
PLUG,09:30:00.05,2.05,100
PETX,09:30:00.05,19.11,355
PETX,09:30:00.05,19.11,355
ALJ,09:30:00.05,16.4,2377
AEG,09:30:00.05,9.37,500
ABEV,09:30:00.05,7.28,200
ADI,09:30:00.05,49.51,100
ADI,09:30:00.05,49.52,100
ADI,09:30:00.05,49.52,200
ADI,09:30:00.05,49.52,300
ABTL,09:30:00.05,15.12,3544
ADI,09:30:00.05,49.52,300
ABTL,09:30:00.05,15.12,3544
ADI,09:30:00.05,49.52,100
QID,09:30:00.05,15.13,2400
QID,09:30:00.05,15.13,2400
QID,09:30:00.05,15.13,600
QLD,09:30:00.05,98.7,400
QID,09:30:00.05,15.13,2400
QID,09:30:00.05,15.13,700
UPRO,09:30:00.05,95.23,300
UPRO,09:30:00.05,95.21,300
VWO,09:30:00.05,40.51,100
VWO,09:30:00.05,40.51,200
GME,09:30:00.05,49.25,100
GME,09:30:00.05,49.26,100
GM,09:30:00.05,40.68,140
API,09:30:00.05,0.71,2010
AMS,09:30:00.05,2.76,100
APT,09:30:00.05,2.17,300
PRGO,09:30:00.08,152.45,784
PRGO,09:30:00.08,152.45,784
PBR,09:30:00.08,13.46,100
PBR,09:30:00.08,13.46,100
PBR,09:30:00.08,13.46,200
PBR,09:30:00.08,13.46,100
C,09:30:00.08,52.02,100
BSBR,09:30:00.08,5.88,679
BYI,09:30:00.08,78.4,105
BSBR,09:30:00.08,5.88,1321
CHD,09:30:00.08,66.28,3
BWS,09:30:00.08,27.7,100
CAH,09:30:00.08,66.45,1
NUGT,09:30:00.08,29.23,50
NVX,09:30:00.08,12.76,1800
DIA,09:30:00.08,164.8,100
DIA,09:30:00.08,164.79,200
EWW,09:30:00.08,67.56,20
FEZ,09:30:00.08,41.22,500
EWS,09:30:00.08,13.1,100
FAS,09:30:00.08,89.82,50
EQR,09:30:00.08,51.82,100
EQR,09:30:00.08,51.82,200
SPY,09:30:00.08,183.96,100
SPY,09:30:00.08,183.96,100
SPY,09:30:00.08,183.99,500
SPY,09:30:00.08,183.99,200
SPY,09:30:00.08,183.95,100
SPY,09:30:00.08,183.97,100
SPY,09:30:00.08,183.99,9000
SPY,09:30:00.08,183.99,700
SPY,09:30:00.08,183.95,1000
MS,09:30:00.08,31.29,200
SPY,09:30:00.08,183.97,400
SPY,09:30:00.08,183.94,400
SPY,09:30:00.08,183.94,400
SPY,09:30:00.08,183.94,500
SPY,09:30:00.08,183.94,1000
SPY,09:30:00.08,183.98,500
SPY,09:30:00.08,183.96,800
SPY,09:30:00.08,183.96,400
BAC,09:30:00.08,15.685,300
BAC,09:30:00.08,15.69,200
BAC,09:30:00.08,15.68,300
BAC,09:30:00.08,15.68,100
BCR,09:30:00.08,133.16,3
BLX,09:30:00.08,27.72,2
BKH,09:30:00.08,52.41,1951
BEE,09:30:00.08,9.39,4954
BLOX,09:30:00.08,32.8,2
BBN,09:30:00.08,19.06,8239
BDC,09:30:00.08,70.05,2319
TS,09:30:00.08,43.4,100
TS,09:30:00.08,43.4,1
TS,09:30:00.08,43.42,99
BAM,09:30:00.08,38.72,2394
B,09:30:00.08,38.26,710
C,09:30:00.08,52.02,100
WPRT,09:30:00.08,19.43,17028
WPRT,09:30:00.08,19.43,17028
WYNN,09:30:00.08,194.14,2
WYNN,09:30:00.08,194.14,2
STCK,09:30:00.08,18.2,15
STCK,09:30:00.08,18.2,15
NWLI,09:30:00.08,222.48,5
NWLI,09:30:00.08,222.48,5
NUVA,09:30:00.08,32.15,2277
URBN,09:30:00.08,38.47,100
URBN,09:30:00.08,38.4,200
URBN,09:30:00.08,38.4,150
URBN,09:30:00.08,38.4,200
FOX,09:30:00.08,34.58,3123
FOX,09:30:00.08,34.58,3123
FOX,09:30:00.08,34.63,100
FOX,09:30:00.08,34.63,100
FOX,09:30:00.08,34.6,100
FOX,09:30:00.08,34.6,100
FOX,09:30:00.08,34.6,4566
FOX,09:30:00.08,34.6,234
FORD,09:30:00.08,1.61,2127
FOX,09:30:00.08,34.62,200
FORD,09:30:00.08,1.61,2127
FOXA,09:30:00.08,35.4,100
FOXA,09:30:00.08,35.4,100
LPSN,09:30:00.08,14.85,12982
LPSN,09:30:00.08,14.85,12982
MDCO,09:30:00.08,38.52,3199
MDCO,09:30:00.08,38.52,3199
LPSN,09:30:00.08,14.85,39
LPSN,09:30:00.08,14.87,261
LPSN,09:30:00.08,14.87,343
LPSN,09:30:00.08,14.87,78
LPSN,09:30:00.08,14.87,78
LSI,09:30:00.08,11.01,900
CAMBU,09:30:00.08,10.04,119
CAMBU,09:30:00.08,10.04,119
RAIL,09:30:00.08,26.49,581
RAIL,09:30:00.08,26.49,581
QQQ,09:30:00.08,87.55,300
ROIC,09:30:00.08,14.29,69
QQQ,09:30:00.08,87.55,4000
QADA,09:30:00.08,17.44,1779
QADA,09:30:00.08,17.44,1779
QQQ,09:30:00.08,87.55,800
QQQ,09:30:00.08,87.55,300
QQQ,09:30:00.08,87.55,100
QQQ,09:30:00.08,87.55,100
QQQ,09:30:00.08,87.55,100
QQQ,09:30:00.08,87.55,800
QQQ,09:30:00.08,87.55,200
QQQ,09:30:00.08,87.55,300
QQQ,09:30:00.08,87.56,100
QQQ,09:30:00.08,87.56,700
SHOR,09:30:00.08,9.33,21898
SHOR,09:30:00.08,9.33,21898
NUVA,09:30:00.08,32.15,2277
ARL,09:30:00.08,5.13,100
ARE.PR.E,09:30:00.08,21.2,2200
ASC,09:30:00.08,15.41,3000
ARP,09:30:00.08,20.49,2079
ATU,09:30:00.08,36.62,3654
BFZ,09:30:00.08,13.66,3986
BBG,09:30:00.08,26.72,4119
BG,09:30:00.08,81.71,5661
BCF,09:30:00.08,8.65,18671
BKD,09:30:00.08,27.11,2685
BKS,09:30:00.08,14.96,5109
BBK,09:30:00.08,13.78,1912
BNJ,09:30:00.08,13.15,1443
BCS,09:30:00.08,18.1,800
AVB,09:30:00.08,118.25,100
AMRE,09:30:00.08,16.71,502
ARCO,09:30:00.08,12.12,9540
ATLS,09:30:00.08,47.05,2462
HMPR,09:30:00.08,1.74,357
HMPR,09:30:00.08,1.74,357
SLW,09:30:00.08,20.71,800
SLW,09:30:00.08,20.71,800
NATI,09:30:00.08,31.25,625
AVB,09:30:00.08,118.25,27
ARDC,09:30:00.08,17.99,12003
ASH,09:30:00.08,96.75,100
AWI,09:30:00.08,57.56,3410
AVY,09:30:00.08,50.09,7498
T,09:30:00.08,35.24,1000
SSO,09:30:00.08,101.76,100
SSO,09:30:00.08,101.76,200
SSO,09:30:00.08,101.75,100
SSO,09:30:00.08,101.78,100
SSO,09:30:00.08,101.78,300
SSO,09:30:00.08,101.75,100
SSO,09:30:00.08,101.78,100
SSO,09:30:00.08,101.75,100
SSO,09:30:00.08,101.75,200
SSO,09:30:00.08,101.75,200
ERX,09:30:00.08,88.2,100
EFA,09:30:00.08,66.2,56
FBNK,09:30:00.08,16.19,2894
FBNK,09:30:00.08,16.19,2894
FSBW,09:30:00.08,17.19,695
FMC,09:30:00.08,75.3,3
EV,09:30:00.08,42.51,2
CCK,09:30:00.08,44.45,9886
BYD,09:30:00.08,11.24,6589
C,09:30:00.08,52.02,2
CBS,09:30:00.08,63.25,25559
BSBR,09:30:00.08,5.88,900
CBS,09:30:00.08,63.22,73
BSE,09:30:00.08,12.05,1441
BSBR,09:30:00.08,5.88,1800
CCL,09:30:00.08,39.62,400
BRSS,09:30:00.08,16.54,275
IWM,09:30:00.08,115.08,100
IWM,09:30:00.08,115.09,100
IWM,09:30:00.08,115.08,100
IWM,09:30:00.08,115.08,100
IJH,09:30:00.08,133.44,900
IWM,09:30:00.08,115.1,100
IWM,09:30:00.08,115.11,400
IWM,09:30:00.08,115.1,1000
IWM,09:30:00.08,115.1,1000
IWM,09:30:00.08,115.1,2000
IWM,09:30:00.08,115.1,598
IWM,09:30:00.08,115.1,402
IJH,09:30:00.08,133.44,200
IWM,09:30:00.08,115.1,1000
IWM,09:30:00.08,115.11,300
IWM,09:30:00.08,115.1,1000
IWM,09:30:00.08,115.1,202
VEA,09:30:00.08,41.22,600
VEU,09:30:00.08,50.06,32
URTY,09:30:00.08,88.06,50
DEO,09:30:00.08,131.38,200
DEO,09:30:00.08,131.38,100
DEO,09:30:00.08,131.38,100
CX,09:30:00.08,11.85,2
DHI,09:30:00.08,21.78,200
DHI,09:30:00.08,21.78,100
DHI,09:30:00.08,21.79,100
SDS,09:30:00.08,29.9,300
SDS,09:30:00.08,29.88,1900
SDS,09:30:00.08,29.88,1000
SDS,09:30:00.08,29.88,1600
SDS,09:30:00.08,29.89,200
SDS,09:30:00.08,29.89,1600
QLD,09:30:00.08,98.72,100
ATW,09:30:00.08,53.23,8763
AXE,09:30:00.08,89.35,1892
ARG,09:30:00.08,111.75,10147
ARH.PR.C,09:30:00.08,22.86,965
XOM,09:30:00.08,100.18,100
XOM,09:30:00.08,100.23,100
XLE,09:30:00.08,87.98,200
FTR,09:30:00.08,4.65,100
FUEL,09:30:00.08,61.21,1211
FUEL,09:30:00.08,61.21,1211
GLADP,09:30:00.08,25.53,190
GLADP,09:30:00.08,25.53,190
GDX,09:30:00.08,21.58,100
GS,09:30:00.08,176.98,100
GS,09:30:00.08,177,37
GS,09:30:00.08,177,100
BGT,09:30:00.08,13.96,11320
BQR,09:30:00.08,7.83,6092
BBX,09:30:00.08,15.62,279
BBG,09:30:00.08,26.71,100
BEN,09:30:00.08,57.33,32878
BAC,09:30:00.08,15.69,14600
BKK,09:30:00.08,15.72,685
BOE,09:30:00.08,14.89,12270
BCS,09:30:00.08,18.1,1298
BLOX,09:30:00.08,32.8,100
CMCSA,09:30:00.08,51.8,100
CTXS,09:30:00.08,63.03,100
KMI,09:30:00.08,35.99,100
LFL,09:30:00.08,15.95,300
LFL,09:30:00.08,15.95,2
PPLT,09:30:00.08,135.98,100
MVV,09:30:00.08,126.14,500
MVV,09:30:00.08,126.16,200
MVV,09:30:00.08,126.16,100
AGCO,09:30:00.08,58.94,117
ABC,09:30:00.08,70.28,32
AHT,09:30:00.08,8.23,3100
ALK,09:30:00.08,73.33,5325
ALLY.PR.B,09:30:00.08,26.95,21487
AI,09:30:00.08,26.39,1919
ALLY.PR.A,09:30:00.08,26.7,100
AIV,09:30:00.08,25.9,5152
AJG,09:30:00.08,46.67,294
WTBA,09:30:00.08,15.81,786
WTBA,09:30:00.08,15.81,786
WFC,09:30:00.08,45.16,400
NVX,09:30:00.08,12.76,1800
AXLL,09:30:00.08,47.15,4697
AXL,09:30:00.08,20.38,9063
AYR,09:30:00.08,19.21,15745
AVK,09:30:00.08,18.52,6894
AXS.PR.C,09:30:00.08,23.47,501
AVX,09:30:00.08,13.85,1630
AWI,09:30:00.08,57.25,158
ARE,09:30:00.08,63.34,2307
DRYS,09:30:00.08,4.38,1000
DRYS,09:30:00.08,4.38,100
DRYS,09:30:00.08,4.38,500
DRYS,09:30:00.08,4.38,100
EEFT,09:30:00.08,47.41,193
EEFT,09:30:00.08,47.41,202
EEFT,09:30:00.08,47.41,178
EEFT,09:30:00.08,47.41,324
AWK,09:30:00.08,42.01,16722
TQQQ,09:30:00.08,122.38,200
TQQQ,09:30:00.08,122.37,100
TQQQ,09:30:00.08,122.41,200
SPY,09:30:00.08,183.97,600
SPY,09:30:00.08,183.97,500
SPY,09:30:00.08,183.97,400
SPY,09:30:00.08,183.97,300
SPY,09:30:00.08,183.97,100
SPY,09:30:00.08,183.98,100
SPY,09:30:00.08,183.97,100
SPY,09:30:00.08,183.96,200
SPXU,09:30:00.08,15.25,2000
SPY,09:30:00.08,183.96,400
SPXU,09:30:00.08,15.25,1600
SPXU,09:30:00.08,15.26,200
SPY,09:30:00.08,183.95,800
SPY,09:30:00.08,183.95,876
SPY,09:30:00.08,183.98,500
SPY,09:30:00.08,183.97,400
SPY,09:30:00.08,183.97,500
DD,09:30:00.08,64.24,100
ARU,09:30:00.08,24.93,1690
ARY,09:30:00.08,25.31,104
AYI,09:30:00.08,109.22,2016
AWC,09:30:00.08,3.97,2004
APA,09:30:00.08,85.82,26777
AWR,09:30:00.08,28.73,1395
ARC,09:30:00.08,8.23,3838
ATO,09:30:00.08,45.34,5103
VEA,09:30:00.08,41.22,200
VEA,09:30:00.08,41.22,800
UWM,09:30:00.08,84.82,100
C.PR.C,09:30:00.08,21.1,1000
CVS,09:30:00.08,71.16,100
CVS,09:30:00.08,71.16,100
CVS,09:30:00.08,71.21,12
CMI,09:30:00.08,140.36,1
CPA,09:30:00.08,159.11,94
CPA,09:30:00.08,159.11,94
GPS,09:30:00.08,39.09,100
MMM,09:30:00.08,137.93,71
LMT,09:30:00.08,147.03,200
LMT,09:30:00.08,147.03,200
LMT,09:30:00.08,147,100
TZA,09:30:00.08,17.09,100
TZA,09:30:00.08,17.09,2
TZA,09:30:00.08,17.09,400
TNA,09:30:00.08,76.87,100
TNA,09:30:00.08,76.86,500
TNA,09:30:00.08,76.86,100
TNA,09:30:00.08,76.85,100
TNA,09:30:00.08,76.86,200
TNA,09:30:00.08,76.86,300
TZA,09:30:00.08,17.09,200
TNA,09:30:00.08,76.84,100
TNA,09:30:00.08,76.88,100
TNA,09:30:00.08,76.88,200
TNA,09:30:00.08,76.89,100
BBG,09:30:00.08,26.98,100
BME,09:30:00.08,35.17,1078
BCX,09:30:00.08,11.51,11409
BAC,09:30:00.08,15.69,700
BEN,09:30:00.08,57.33,100
BLOX,09:30:00.08,32.75,100
BBW,09:30:00.08,7.59,1102
BEP,09:30:00.08,26.33,200
BHP,09:30:00.08,67.39,100
BHP,09:30:00.08,67.39,100
BHP,09:30:00.08,67.4,200
BHP,09:30:00.08,67.37,100
BHP,09:30:00.08,67.35,100
BBT,09:30:00.08,37.11,100
TNA,09:30:00.08,76.89,100
JOEZ,09:30:00.08,1.1,11222
JOEZ,09:30:00.08,1.1,11222
LGND,09:30:00.08,52.45,1746
LGND,09:30:00.08,52.45,1746
LLTC,09:30:00.08,45.48,100
LLTC,09:30:00.08,45.49,74
NVO,09:30:00.08,184.63,200
NVO,09:30:00.08,184.62,100
OIBR,09:30:00.08,1.54,1000
OIBR,09:30:00.08,1.54,100
OIBR,09:30:00.08,1.53,1900
OIBR,09:30:00.08,1.53,1900
BTA,09:30:00.08,10.18,12454
BWC,09:30:00.08,34,15566
C,09:30:00.08,52.01,100
C,09:30:00.08,52.01,200
CAT,09:30:00.08,90.36,100
DD,09:30:00.08,64.24,100
DBC,09:30:00.08,25.54,11
DIA,09:30:00.08,164.79,200
DIA,09:30:00.08,164.79,400
DIA,09:30:00.08,164.8,1100
DIA,09:30:00.08,164.81,400
DIA,09:30:00.08,164.82,1000
DIA,09:30:00.08,164.78,200
DIA,09:30:00.08,164.81,200
DIA,09:30:00.08,164.8,1500
DIA,09:30:00.08,164.8,600
DIA,09:30:00.08,164.8,100
GSK,09:30:00.08,52.89,400
GSK,09:30:00.08,52.88,400
HPQ,09:30:00.08,27.88,100
HPQ,09:30:00.08,27.89,900
HPQ,09:30:00.08,27.89,500
HPQ,09:30:00.08,27.9,300
HPQ,09:30:00.08,27.9,700
HPQ,09:30:00.08,27.88,100
GS,09:30:00.08,176.95,1
GRA,09:30:00.08,98.24,3
LMT,09:30:00.08,147,100
LMT,09:30:00.08,147.05,100
PHM,09:30:00.08,20.27,100
BCV,09:30:00.08,18.46,139
BFY,09:30:00.08,12.67,1137
BGI,09:30:00.08,1.56,250
BHB,09:30:00.08,39.69,300
BKJ,09:30:00.08,13.44,400
SVM,09:30:00.08,2.38,100
SVM,09:30:00.08,2.38,200
SVM,09:30:00.08,2.38,200
SVM,09:30:00.08,2.39,100
SVM,09:30:00.08,2.38,200
FSBW,09:30:00.08,17.19,695
CPA,09:30:00.08,159.11,94
TQQQ,09:30:00.08,122.42,2
TQQQ,09:30:00.08,122.4,100
TQQQ,09:30:00.08,122.4,100
TQQQ,09:30:00.08,122.39,200
IVAN,09:30:00.08,0.63,19602
IVAN,09:30:00.08,0.63,19602
ASIA,09:30:00.08,11.94,1766
ASIA,09:30:00.08,11.94,1766
AMZN,09:30:00.08,399.08,68
AMZN,09:30:00.08,399.07,32
AMRN,09:30:00.08,1.98,100
AMRN,09:30:00.08,1.98,29
BLE,09:30:00.08,13.16,7750
BLJ,09:30:00.08,13.38,1122
MS,09:30:00.08,31.3,2300
CAT,09:30:00.08,90.36,400
CAT,09:30:00.08,90.37,100
C,09:30:00.08,52.01,200
TZA,09:30:00.10,17.1,200
TZA,09:30:00.10,17.09,200
TZA,09:30:00.10,17.09,300
UDOW,09:30:00.10,111.59,100
TNA,09:30:00.10,76.83,100
UDOW,09:30:00.10,111.59,100
AZC,09:30:00.10,1.42,600
ASM,09:30:00.10,1.18,600
ATL,09:30:00.10,0.57,1093
SPY,09:30:00.10,183.96,300
SPY,09:30:00.10,183.96,100
SPY,09:30:00.10,183.96,300
XLNX,09:30:00.10,46.62,9
ZU,09:30:00.10,41.95,950
XLNX,09:30:00.10,46.61,491
XLNX,09:30:00.10,46.61,100
XLNX,09:30:00.10,46.61,100
SPY,09:30:00.10,183.96,100
SPY,09:30:00.10,183.96,200
SPY,09:30:00.10,183.95,100
SPY,09:30:00.10,183.95,300
SPY,09:30:00.10,183.95,100
SPY,09:30:00.10,183.94,400
SPY,09:30:00.10,183.94,100
SPY,09:30:00.10,183.93,500
SPY,09:30:00.10,183.93,25
SPY,09:30:00.10,183.92,200
SPY,09:30:00.10,183.93,400
SPY,09:30:00.10,183.93,600
SPY,09:30:00.10,183.93,300
SPY,09:30:00.10,183.93,400
SINA,09:30:00.10,84.21,122
SINA,09:30:00.10,84.23,100
SINA,09:30:00.10,84.25,70
SBUX,09:30:00.10,78.35,100
SBUX,09:30:00.10,78.35,18
HOLX,09:30:00.10,22.34,44
HERO,09:30:00.10,6.53,25567
HERO,09:30:00.10,6.53,25567
HCKT,09:30:00.10,6.17,1313
HCKT,09:30:00.10,6.17,1313
AEZS,09:30:00.10,1.4,100
IWM,09:30:00.10,115.1,115
IWM,09:30:00.10,115.09,1000
IWM,09:30:00.10,115.1,300
IWM,09:30:00.10,115.1,400
IWM,09:30:00.10,115.1,300
IWM,09:30:00.10,115.1,100
TQQQ,09:30:00.10,122.37,100
TQQQ,09:30:00.10,122.36,100
SPY,09:30:00.10,183.93,300
SPY,09:30:00.10,183.92,400
SPY,09:30:00.10,183.93,100
SPY,09:30:00.10,183.92,400
SPY,09:30:00.10,183.93,600
SPY,09:30:00.10,183.92,100
SPY,09:30:00.10,183.92,600
SPY,09:30:00.10,183.93,500
SPY,09:30:00.10,183.92,1200
SPY,09:30:00.10,183.92,300
SPY,09:30:00.10,183.93,100
SPY,09:30:00.10,183.93,400
SPY,09:30:00.10,183.93,300
SPY,09:30:00.10,183.92,400
SPY,09:30:00.10,183.92,400
SPY,09:30:00.10,183.92,100
SPY,09:30:00.10,183.92,500
IWM,09:30:00.10,115.1,148
IWM,09:30:00.10,115.09,652
IJH,09:30:00.10,133.46,600
IWM,09:30:00.10,115.09,100
IVV,09:30:00.10,185.04,200
IWM,09:30:00.10,115.1,100
IWM,09:30:00.10,115.1,100
IWM,09:30:00.10,115.1,1700
LSI,09:30:00.10,11.01,309
LSI,09:30:00.10,11.01,391
LSI,09:30:00.10,11.01,509
MKTG,09:30:00.10,27.32,100
MKTG,09:30:00.10,27.31,29
LSI,09:30:00.10,11.01,100
MKSI,09:30:00.10,29.85,446
SPY,09:30:00.10,183.92,400
SPY,09:30:00.10,183.92,300
SPY,09:30:00.10,183.92,4500
SPY,09:30:00.10,183.94,1001
SPY,09:30:00.10,183.92,200
SPY,09:30:00.10,183.92,300
SPY,09:30:00.10,183.975,500
SPY,09:30:00.10,183.92,200
SPY,09:30:00.10,183.92,600
SPY,09:30:00.10,183.93,800
SPY,09:30:00.10,183.92,100
SPY,09:30:00.10,183.92,500
SPY,09:30:00.10,183.93,100
SPY,09:30:00.10,183.92,200
WFC,09:30:00.10,45.11,200
PPLT,09:30:00.10,135.98,60
URTY,09:30:00.10,88.06,50
VIXY,09:30:00.10,28.97,800
UVXY,09:30:00.10,17.27,200
SDS,09:30:00.10,29.89,300
SCO,09:30:00.10,32.65,25
SSO,09:30:00.10,101.75,200
SSO,09:30:00.10,101.75,200
XLNX,09:30:00.10,46.61,200
XLNX,09:30:00.10,46.61,100
XLE,09:30:00.10,87.99,167
XOM,09:30:00.10,100.1,68
FNV,09:30:00.10,41.2,100
FNV,09:30:00.10,41.36,100
FNV,09:30:00.10,41.35,100
FNV,09:30:00.10,41.35,115
FNV,09:30:00.10,41.35,100
FNV,09:30:00.10,41.35,185
FNV,09:30:00.10,41.33,100
FNV,09:30:00.10,41.33,100
FRO,09:30:00.10,3.74,600
LQD,09:30:00.10,114.285,185
LMT,09:30:00.10,146.99,72
MHFI,09:30:00.10,77.38,100
MHFI,09:30:00.10,77.44,100
MHFI,09:30:00.10,77.35,100
MHFI,09:30:00.10,77.39,100
LPX,09:30:00.10,18.47,100
LNKD,09:30:00.10,213.99,1
LNKD,09:30:00.10,214,99
MHFI,09:30:00.10,77.39,200
LMT,09:30:00.10,146.82,100
MHFI,09:30:00.10,77.35,200
MHFI,09:30:00.10,77.39,100
MHFI,09:30:00.10,77.38,100
SPY,09:30:00.10,183.98,6000
SPY,09:30:00.10,183.92,200
SPY,09:30:00.10,183.99,1000
EFA,09:30:00.10,66.23,372
EFA,09:30:00.10,66.23,123
EFA,09:30:00.10,66.23,495
EFA,09:30:00.10,66.2,2800
ENB,09:30:00.10,43.57,200
ENB,09:30:00.10,43.57,200
ENB,09:30:00.10,43.56,100
EQR,09:30:00.10,51.74,100
EMC,09:30:00.10,25.03,400
EMC,09:30:00.10,25.03,400
EMC,09:30:00.10,25.02,500
EMC,09:30:00.10,25.01,100
EBR,09:30:00.10,2.42,600
EBR,09:30:00.10,2.42,100
EBR,09:30:00.10,2.42,600
EBR,09:30:00.10,2.42,300
SWK,09:30:00.10,80.56,100
SWK,09:30:00.10,80.57,100
SWK,09:30:00.10,80.52,3
TCK,09:30:00.10,25.79,100
AYI,09:30:00.10,108.27,1
AYI,09:30:00.10,108.39,100
ATW,09:30:00.10,53.1,20
ATW,09:30:00.10,53.05,180
AMC,09:30:00.10,20.62,3403
AXE,09:30:00.10,89.17,100
ALV,09:30:00.10,90.77,1
AXE,09:30:00.10,89.16,28
KSU,09:30:00.10,123.4,2
JPM,09:30:00.10,58.22,1408
JPM,09:30:00.10,58.24,300
KGC,09:30:00.10,4.45,200
KGC,09:30:00.10,4.45,300
KGC,09:30:00.10,4.45,700
WFC,09:30:00.10,45.15,3000
WFC,09:30:00.10,45.15,69
WFC,09:30:00.10,45.16,100
FRO,09:30:00.10,3.74,2092
FRO,09:30:00.10,3.74,200
FRO,09:30:00.10,3.74,308
CPST,09:30:00.10,1.28,39934
CPST,09:30:00.10,1.28,39934
CTAS,09:30:00.10,59.25,100
CVS,09:30:00.10,71.22,88
CVS,09:30:00.10,71.2,12
CVS,09:30:00.10,71.2,88
MHFI,09:30:00.10,77.38,100
MAC,09:30:00.10,58.64,2
ING,09:30:00.10,13.86,500
ING,09:30:00.10,13.86,300
IWM,09:30:00.10,115.11,2000
IWM,09:30:00.10,115.11,800
IWM,09:30:00.10,115.11,200
IWM,09:30:00.10,115.1,100
IWM,09:30:00.10,115.1,100
IWM,09:30:00.10,115.11,200
LLTC,09:30:00.10,45.49,26
PRSC,09:30:00.10,25.6,674
PRSC,09:30:00.10,25.6,674
PAYX,09:30:00.10,45.43,100
PLUG,09:30:00.10,2.06,100
PLUG,09:30:00.10,2.06,100
QQQ,09:30:00.10,87.56,2200
QQQ,09:30:00.10,87.56,100
CMRX,09:30:00.10,15,766
CMRX,09:30:00.10,15,766
CMCSK,09:30:00.10,49.69,35
CME,09:30:00.10,77.93,55
SLXP,09:30:00.10,89.8,53
SPLS,09:30:00.10,15.9,100
EBAY,09:30:00.10,54.97,100
EBAY,09:30:00.10,54.98,6
GOOG,09:30:00.10,1115.5,100
FTR,09:30:00.10,4.66,100
FTR,09:30:00.10,4.65,100
MOBI,09:30:00.10,3.73,2900
MOBI,09:30:00.10,3.73,2900
LLTC,09:30:00.10,45.49,100
LINTA,09:30:00.10,29.21,100
RUK,09:30:00.10,59.52,500
SID,09:30:00.10,6.06,800
SID,09:30:00.10,6.06,1500
SID,09:30:00.10,6.06,500
SBGL,09:30:00.10,4.86,200
SBGL,09:30:00.10,4.86,500
IBN,09:30:00.10,36.28,1
HPQ,09:30:00.10,27.88,100
HTZ,09:30:00.10,28.5,168
VCI,09:30:00.10,34.2,100
VCI,09:30:00.10,34.2,6
VNQ,09:30:00.10,64.28,50
VIG,09:30:00.10,75.04,34
VWO,09:30:00.10,40.51,300
VWO,09:30:00.10,40.51,800
GPL,09:30:00.10,0.7499,400
GPS,09:30:00.10,39.09,100
GPS,09:30:00.10,39.11,100
GG,09:30:00.10,22.15,520
CELG,09:30:00.10,169.27,75
CIG,09:30:00.10,7.62,1100
PEP,09:30:00.10,82.88,1
PEP,09:30:00.10,82.92,100
PBR,09:30:00.10,13.47,300
PRGO,09:30:00.10,152.17,300
PPO,09:30:00.10,38.81,2
R,09:30:00.10,73.13,3
R,09:30:00.10,73.13,3
RJF,09:30:00.10,52.23,3
REE,09:30:00.10,1.59,100
QID,09:30:00.10,15.13,1000
QID,09:30:00.10,15.13,1400
MYF,09:30:00.10,13.72,300
MT,09:30:00.10,17.61,500
MT,09:30:00.10,17.61,500
MT,09:30:00.10,17.61,1000
MT,09:30:00.10,17.61,1000
MT,09:30:00.10,17.61,500
MT,09:30:00.10,17.61,1000
MT,09:30:00.10,17.61,200
MT,09:30:00.10,17.61,800
MT,09:30:00.10,17.61,900
MT,09:30:00.10,17.61,100
MT,09:30:00.10,17.61,100
MT,09:30:00.10,17.61,500
MT,09:30:00.10,17.61,1000
IWM,09:30:00.10,115.11,200
IWM,09:30:00.10,115.11,214
IWM,09:30:00.10,115.1,115
IWM,09:30:00.10,115.11,100
IWM,09:30:00.10,115.11,86
IYR,09:30:00.10,63.13,100
IYR,09:30:00.10,63.14,80
IWM,09:30:00.10,115.1,200
IWM,09:30:00.10,115.1,202
IOC,09:30:00.10,51.39,100
IOC,09:30:00.10,51.2,2
IAG,09:30:00.10,3.42,100
SBGL,09:30:00.10,4.86,200
SID,09:30:00.10,6.06,800
SID,09:30:00.10,6.06,100
SBGL,09:30:00.10,4.86,500
FCCO,09:30:00.10,10.23,300
FCCO,09:30:00.10,10.23,300
FOXA,09:30:00.10,35.4,179
FB,09:30:00.10,54.82,169
FOXA,09:30:00.10,35.39,200
EWH,09:30:00.10,20.56,100
EWH,09:30:00.10,20.56,232
EWP,09:30:00.10,37.62,168
FNV,09:30:00.10,40.98,100
MKSI,09:30:00.10,29.85,446
SPY,09:30:00.10,183.99,6500
SPY,09:30:00.10,183.94,200
JNJ,09:30:00.10,91.14,164
JNJ,09:30:00.10,91.14,88
KR,09:30:00.10,39.22,1000
KFN,09:30:00.10,12.12,100
KORS,09:30:00.10,80.99,100
KORS,09:30:00.10,81,100
KORS,09:30:00.10,80.94,100
KGC,09:30:00.10,4.45,100
KGC,09:30:00.10,4.45,100
KGC,09:30:00.10,4.45,100
KGC,09:30:00.10,4.45,100
KORS,09:30:00.10,80.94,85
ASIA,09:30:00.10,11.94,400
ASIA,09:30:00.10,11.94,100
SPY,09:30:00.10,183.94,100
SPY,09:30:00.10,183.99,200
SPY,09:30:00.10,183.975,400
SPY,09:30:00.10,183.975,4000
SPY,09:30:00.10,183.98,4000
SPXL,09:30:00.10,63.1,300
SPY,09:30:00.10,183.93,1000
SPY,09:30:00.10,183.94,363
SPY,09:30:00.10,183.94,800
SPY,09:30:00.10,183.94,500
SPY,09:30:00.10,183.94,400
SPY,09:30:00.10,183.94,400
SPY,09:30:00.10,183.94,537
SPXU,09:30:00.10,15.26,1300
VWO,09:30:00.10,40.51,500
VWO,09:30:00.10,40.51,100
VWO,09:30:00.10,40.51,300
TV,09:30:00.10,29.9,200
TV,09:30:00.10,29.9,100
TMO,09:30:00.10,110.65,100
TMUS,09:30:00.10,33.05,200
TMO,09:30:00.10,110.69,100
TMO,09:30:00.10,110.61,2
TMUS,09:30:00.10,33.05,30
TJX,09:30:00.10,63.36,100
TJX,09:30:00.10,63.36,100
TV,09:30:00.10,29.92,400
TV,09:30:00.10,29.91,200
TNA,09:30:00.10,76.85,100
TNA,09:30:00.10,76.85,200
TNA,09:30:00.10,76.86,100
CIG,09:30:00.10,7.62,300
CIG,09:30:00.10,7.62,500
CF,09:30:00.10,232.98,2
BSBR,09:30:00.10,5.89,500
BSBR,09:30:00.10,5.88,300
BX,09:30:00.10,31.5,100
INTU,09:30:00.10,76.11,100
INTU,09:30:00.10,76.11,61
DIA,09:30:00.10,164.78,200
DDM,09:30:00.10,114.26,50
DDD,09:30:00.10,93.31,100
DDD,09:30:00.10,93.31,100
DDD,09:30:00.10,93.31,34
DDD,09:30:00.10,93.34,10
DIS,09:30:00.10,76.04,200
DIS,09:30:00.10,76.04,200
DIS,09:30:00.10,76.03,200
DIS,09:30:00.10,76.01,100
DDD,09:30:00.10,93.31,100
MT,09:30:00.10,17.61,1000
MT,09:30:00.10,17.61,500
PRU,09:30:00.10,91.5,2
PRGO,09:30:00.10,152.25,100
AGG,09:30:00.10,106.44,55
ALLE,09:30:00.10,44.08,7455
AEM,09:30:00.10,27.04,150
ALB,09:30:00.10,63.38,2349
IWM,09:30:00.10,115.1,1000
IVV,09:30:00.10,185.02,200
IVV,09:30:00.10,185.02,100
IVV,09:30:00.10,185.03,2
ITA,09:30:00.10,105.62,50
IGE,09:30:00.10,43.16,560
BND,09:30:00.10,80.1,74
BBH,09:30:00.10,87.97,100
BLOX,09:30:00.10,33.14,100
BBT,09:30:00.10,37.1,100
BAC,09:30:00.10,15.68,100
BAC,09:30:00.10,15.69,200
BHP,09:30:00.10,67.35,100
BAC,09:30:00.10,15.68,100
ORCL,09:30:00.10,37.76,600
OPK,09:30:00.10,8.31,1000
NEM,09:30:00.10,23.5,100
OCR,09:30:00.10,60.5,1
GG,09:30:00.10,22.15,2000
GFI,09:30:00.10,3.24,1200
STX,09:30:00.10,55.41,5
SYMC,09:30:00.10,23.44,27
QQQ,09:30:00.10,87.55,100
QQQ,09:30:00.10,87.55,800
ROIC,09:30:00.10,14.29,100
QQQ,09:30:00.10,87.55,226
TQQQ,09:30:00.10,122.41,100
TQQQ,09:30:00.10,122.39,200
TQQQ,09:30:00.10,122.41,8
R,09:30:00.10,73.13,100
RJF,09:30:00.10,52.23,300
DDD,09:30:00.10,93.28,44
SPY,09:30:00.13,183.93,200
SPY,09:30:00.13,183.97,100
SPXL,09:30:00.13,63.06,50
SPY,09:30:00.13,183.93,200
SPY,09:30:00.13,183.975,400
SPY,09:30:00.13,183.97,100
SPY,09:30:00.13,183.93,400
SPY,09:30:00.13,183.93,100
SPY,09:30:00.13,183.92,100
SPXS,09:30:00.13,33.61,100
SPXU,09:30:00.13,15.26,100
SPY,09:30:00.13,183.96,300
SLV,09:30:00.13,19.35,1400
SPY,09:30:00.13,183.91,300
SPY,09:30:00.13,183.96,200
SPY,09:30:00.13,183.92,100
SPY,09:30:00.13,183.92,100
FSLR,09:30:00.13,54.34,300
FOXA,09:30:00.13,35.51,50
FSLR,09:30:00.13,54.28,250
FB,09:30:00.13,54.8,100
VHI,09:30:00.13,17.43,2
VCI,09:30:00.13,34.2,100
VCI,09:30:00.13,34.2,100
VCI,09:30:00.13,34.2,800
VCI,09:30:00.13,34.2,100
VCI,09:30:00.13,34.2,585
VCI,09:30:00.13,34.09,15
MMM,09:30:00.13,137.93,129
MMM,09:30:00.13,137.93,71
MMM,09:30:00.13,137.93,108
PBCT,09:30:00.13,15.07,100
TEVA,09:30:00.13,40.03,200
TEVA,09:30:00.13,40.03,200
TEVA,09:30:00.13,40.03,200
TEVA,09:30:00.13,40.03,200
SIVR,09:30:00.13,19.84,100
SIVR,09:30:00.13,19.84,500
SDS,09:30:00.13,29.89,1500
SDS,09:30:00.13,29.91,100
SDS,09:30:00.13,29.9,100
SDS,09:30:00.13,29.9,3
SDS,09:30:00.13,29.91,100
SDS,09:30:00.13,29.885,100
SPG,09:30:00.13,152.55,2
MVV,09:30:00.13,126.15,500
MVV,09:30:00.13,126.17,200
MVV,09:30:00.13,126.17,100
MT,09:30:00.13,17.61,1000
MT,09:30:00.13,17.61,800
CNQ,09:30:00.13,33.45,400
CNQ,09:30:00.13,33.44,200
CNQ,09:30:00.13,33.45,200
CNQ,09:30:00.13,33.45,200
CMRE,09:30:00.13,18.11,100
CEF,09:30:00.13,13.51,200
CEF,09:30:00.13,13.51,300
BTG,09:30:00.13,2.1,100
BTG,09:30:00.13,2.1,100
VCI,09:30:00.13,34.2,100
VCI,09:30:00.13,34.2,100
VCI,09:30:00.13,34.2,15
VCI,09:30:00.13,34.2,15
VCI,09:30:00.13,34.2,100
VCI,09:30:00.13,34.2,64
VCI,09:30:00.13,34.2,36
XLNX,09:30:00.13,46.61,109
XLNX,09:30:00.13,46.6,152
XLNX,09:30:00.13,46.6,39
XLNX,09:30:00.13,46.6,200
XLNX,09:30:00.13,46.6,100
XLE,09:30:00.13,87.99,15
OCR,09:30:00.13,60.44,1
X,09:30:00.13,29.97,100
WMB,09:30:00.13,38.35,3
WMB,09:30:00.13,38.35,97
WFC,09:30:00.13,45.16,3
EEM,09:30:00.13,41,299
EEM,09:30:00.13,41,497
EMC,09:30:00.13,25.01,400
EMC,09:30:00.13,25.01,200
EMR,09:30:00.13,69.83,100
EMR,09:30:00.13,69.83,100
EMR,09:30:00.13,69.8,100
HLF,09:30:00.13,78.64,100
IAG,09:30:00.13,3.42,100
HLF,09:30:00.13,78.64,100
HLF,09:30:00.13,78.64,100
HP,09:30:00.13,83.95,1
HLF,09:30:00.13,78.65,100
HQH,09:30:00.13,26.79,1
HLF,09:30:00.13,78.65,100
HLF,09:30:00.13,78.64,100
HLF,09:30:00.13,78.65,100
HLF,09:30:00.13,78.64,100
HLF,09:30:00.13,78.64,100
HLF,09:30:00.13,78.64,100
HLF,09:30:00.13,78.64,100
GS,09:30:00.13,176.95,99
AVB,09:30:00.13,118.25,100
AVB,09:30:00.13,118.25,100
PRGO,09:30:00.13,152.24,100
PHG,09:30:00.13,36.6,500
PHG,09:30:00.13,36.6,500
PHG,09:30:00.13,36.6,500
PHG,09:30:00.13,36.6,1500
PHG,09:30:00.13,36.6,1000
PNC,09:30:00.13,76.16,100
PHG,09:30:00.13,36.6,500
PHG,09:30:00.13,36.6,500
PEP,09:30:00.13,82.92,100
PHG,09:30:00.13,36.6,100
PRGO,09:30:00.13,152.19,100
PNC,09:30:00.13,76.06,100
CMA,09:30:00.13,47.21,100
CMA,09:30:00.13,47.21,100
CMA,09:30:00.13,47.24,100
CMA,09:30:00.13,47.24,100
CCO,09:30:00.13,10.15,265
BRS,09:30:00.13,74.95,2014
BRP,09:30:00.13,24.27,5047
CDE,09:30:00.13,11.08,21447
CDI,09:30:00.13,18.51,150
BRP,09:30:00.13,24.25,55
BRO,09:30:00.13,31.19,9521
BHE,09:30:00.13,23.05,5159
BIG,09:30:00.13,32.3,3016
BPY,09:30:00.13,19.85,734
BBT.PR.E,09:30:00.13,20.35,892
BMR,09:30:00.13,18.09,17293
BF.B,09:30:00.13,75.55,6013
BGX,09:30:00.13,17.8,7410
BBT.PR.F,09:30:00.13,18.75,391
BGE.PR.B,09:30:00.13,24.37,100
BEP,09:30:00.13,26.35,1987
TQQQ,09:30:00.13,122.39,100
TQQQ,09:30:00.13,122.41,100
TQQQ,09:30:00.13,122.41,200
TQQQ,09:30:00.13,122.42,400
TQQQ,09:30:00.13,122.38,100
TQQQ,09:30:00.13,122.41,1000
TQQQ,09:30:00.13,122.42,200
TQQQ,09:30:00.13,122.34,100
TQQQ,09:30:00.13,122.4,400
TQQQ,09:30:00.13,122.41,100
GNTX,09:30:00.13,33.08,5
GOOG,09:30:00.13,1115.21,73
GNTX,09:30:00.13,33,100
MFI,09:30:00.13,8.61,518
MFI,09:30:00.13,8.61,518
MDLZ,09:30:00.13,35.04,28
CXDC,09:30:00.13,5.29,4647
CXDC,09:30:00.13,5.29,4647
BGG,09:30:00.13,21.61,12570
BPI,09:30:00.13,17.55,3408
BCEI,09:30:00.13,43.09,3396
BEP,09:30:00.13,26.33,17
BBT.PR.D,09:30:00.13,21.51,1222
BGCA,09:30:00.13,25.88,282
CENX,09:30:00.13,10.38,7725
CENX,09:30:00.13,10.38,7725
AEZS,09:30:00.13,1.4,400
BRP,09:30:00.13,24.25,10
CFX,09:30:00.13,63.48,1327
BYI,09:30:00.13,78.43,15790
CLS,09:30:00.13,10.35,500
BTH,09:30:00.13,10.94,1756
BURL,09:30:00.13,32,431
CI,09:30:00.13,86.99,23948
CAH,09:30:00.13,66.45,41208
CMA,09:30:00.13,47.21,100
QLD,09:30:00.13,98.72,100
QID,09:30:00.13,15.13,100
QID,09:30:00.13,15.13,100
QID,09:30:00.13,15.13,1000
QID,09:30:00.13,15.13,1700
UTX,09:30:00.13,112.9,100
VCI,09:30:00.13,34.2,35
VCI,09:30:00.13,34.2,100
VCI,09:30:00.13,34.2,15
USA,09:30:00.13,5.95,100
USA,09:30:00.13,5.95,100
VOO,09:30:00.13,168.52,100
VOO,09:30:00.13,168.5,100
VWO,09:30:00.13,40.51,400
MRO,09:30:00.13,35.25,100
MT,09:30:00.13,17.61,1000
SPY,09:30:00.13,183.91,400
SPY,09:30:00.13,183.93,200
SPY,09:30:00.13,183.93,200
SPY,09:30:00.13,183.94,100
SLV,09:30:00.13,19.36,250
SPY,09:30:00.13,183.94,300
SPY,09:30:00.13,183.94,200
SPY,09:30:00.13,183.94,200
SPY,09:30:00.13,183.93,300
SPY,09:30:00.13,183.93,100
SPY,09:30:00.13,183.93,400
SPY,09:30:00.13,183.925,700
SPY,09:30:00.13,183.925,300
SPY,09:30:00.13,183.92,400
SPY,09:30:00.13,183.93,800
SPXL,09:30:00.13,63.05,50
NWSA,09:30:00.13,18.06,282
OPK,09:30:00.13,8.31,900
ORCL,09:30:00.13,37.78,100
ORCL,09:30:00.13,37.79,100
OPK,09:30:00.13,8.31,100
SSO,09:30:00.13,101.7,100
SSO,09:30:00.13,101.7,400
SSO,09:30:00.13,101.7,100
SSO,09:30:00.13,101.7,100
SSO,09:30:00.13,101.69,100
EMR,09:30:00.13,69.85,100
EMR,09:30:00.13,69.84,100
EGY,09:30:00.13,6.89,5456
EMR,09:30:00.13,69.84,100
IVV,09:30:00.13,185.01,100
SBGL,09:30:00.13,4.86,200
SDRL,09:30:00.13,40.47,200
CMC,09:30:00.13,20.34,6443
C.PR.J,09:30:00.13,26,1219
C.PR.N,09:30:00.13,27.13,802
C.PR.Q,09:30:00.13,24.86,1600
CMU,09:30:00.13,4.17,15880
C.PR.S,09:30:00.13,25.04,191
CMRE,09:30:00.13,18.09,7241
CRL,09:30:00.13,52.62,1
CSU,09:30:00.13,23.9,852
IWM,09:30:00.13,115.09,201
IWM,09:30:00.13,115.1,100
IWM,09:30:00.13,115.08,201
IWM,09:30:00.13,115.09,59
BTN,09:30:00.13,4.67,1295
CCF,09:30:00.13,35.3,220
BTG,09:30:00.13,2.11,1350
BVX,09:30:00.13,2.15,325
BZC,09:30:00.13,9.24,100
CANF,09:30:00.13,6.03,3953
CCA,09:30:00.13,9.95,316
QID,09:30:00.13,15.13,700
QID,09:30:00.13,15.13,1000
QID,09:30:00.13,15.13,700
WPRT,09:30:00.13,19.48,20
WINA,09:30:00.13,92.66,161
WINA,09:30:00.13,92.66,161
OPK,09:30:00.13,8.31,1000
CANF,09:30:00.13,6.02,147
CET,09:30:00.13,21.65,1907
ADT,09:30:00.13,40.4,1745
AGN,09:30:00.13,110.8,17
AGN,09:30:00.13,110.82,83
AAP,09:30:00.13,110.36,6853
AGX,09:30:00.13,27.56,70
ABX,09:30:00.13,17.92,300
ABX,09:30:00.13,17.94,1000
ABX,09:30:00.13,17.95,300
ABX,09:30:00.13,17.94,100
ABX,09:30:00.13,17.94,300
ABX,09:30:00.13,17.94,200
ACI,09:30:00.13,4.43,1494
ABX,09:30:00.13,17.95,700
ABX,09:30:00.13,17.95,900
ABX,09:30:00.13,17.95,200
ABX,09:30:00.13,17.95,100
MT,09:30:00.13,17.61,500
MT,09:30:00.13,17.61,300
QQQ,09:30:00.13,87.55,100
QQQ,09:30:00.13,87.55,100
QQQ,09:30:00.13,87.56,3260
QQQ,09:30:00.13,87.56,140
QQQ,09:30:00.13,87.55,100
QQQ,09:30:00.13,87.55,100
QQQ,09:30:00.13,87.55,1000
QQQ,09:30:00.13,87.55,100
QQQ,09:30:00.13,87.55,2400
QQQ,09:30:00.13,87.55,100
QQQ,09:30:00.13,87.55,200
QQQ,09:30:00.13,87.56,600
QQQ,09:30:00.13,87.56,300
QQQ,09:30:00.13,87.56,100
QQQ,09:30:00.13,87.56,900
QQQ,09:30:00.13,87.56,800
QQQ,09:30:00.13,87.55,100
QQQ,09:30:00.13,87.56,400
QQQ,09:30:00.13,87.56,500
QQQ,09:30:00.13,87.55,146
QQQ,09:30:00.13,87.55,54
QQQ,09:30:00.13,87.55,146
KSU,09:30:00.13,123.4,2
JOY,09:30:00.13,58.02,100
LFL,09:30:00.13,15.94,2
CII,09:30:00.13,13.61,9886
CAB,09:30:00.13,66.64,4282
CCE,09:30:00.13,43.86,15524
BYM,09:30:00.13,12.65,12990
CFC.PR.A,09:30:00.13,24.88,397
CHK,09:30:00.13,27.07,41383
CFC.PR.B,09:30:00.13,25.3,2318
CHE,09:30:00.13,76.88,2561
PRGO,09:30:00.13,152.18,100
PRGO,09:30:00.13,152.23,200
PRGO,09:30:00.13,152.23,100
PRGO,09:30:00.13,152.23,100
PRGO,09:30:00.13,152.23,60
PRGO,09:30:00.13,152.21,100
PAL,09:30:00.13,0.65,3000
PEOP,09:30:00.13,17.67,25
PEOP,09:30:00.13,17.67,25
PGNX,09:30:00.13,5.33,9812
CSCO,09:30:00.13,22.26,100
CSCO,09:30:00.13,22.26,48
CMCSA,09:30:00.13,51.8,100
CTXS,09:30:00.13,63.03,100
CMCSA,09:30:00.13,51.8,44
CSCO,09:30:00.13,22.26,48
BBRY,09:30:00.13,7.45,100
BBRY,09:30:00.13,7.46,3900
BBRY,09:30:00.13,7.46,1000
FOX,09:30:00.13,34.45,185
FFIV,09:30:00.13,90.31,90
PGNX,09:30:00.13,5.33,9812
SMI,09:30:00.13,3.95,500
SPY,09:30:00.13,183.95,200
CINF,09:30:00.13,52.15,20
CHTR,09:30:00.13,137.15,101084
CHTR,09:30:00.13,137.15,101084
CPE,09:30:00.13,6.47,3182
CTZ.PR.A,09:30:00.13,25.24,200
CMO.PR.E,09:30:00.13,22.89,600
CRL,09:30:00.13,52.57,11322
IWM,09:30:00.13,115.09,118
IWM,09:30:00.13,115.09,59
IWM,09:30:00.13,115.08,100
IWM,09:30:00.13,115.09,197
IWM,09:30:00.13,115.09,176
IWM,09:30:00.13,115.09,138
IWM,09:30:00.13,115.08,88
DIS,09:30:00.13,76.04,3
DIS,09:30:00.13,76.04,97
DIS,09:30:00.13,76.03,3
DIS,09:30:00.13,76,79
DIS,09:30:00.13,76.03,97
DIS,09:30:00.13,76.03,3
DIS,09:30:00.13,76.03,97
DIS,09:30:00.13,76,21
QLD,09:30:00.13,98.7,100
QID,09:30:00.13,15.13,700
QID,09:30:00.13,15.13,700
QID,09:30:00.13,15.13,100
QID,09:30:00.13,15.13,300
QID,09:30:00.13,15.13,700
QID,09:30:00.13,15.13,300
QLD,09:30:00.13,98.7,100
QID,09:30:00.13,15.13,1800
QID,09:30:00.13,15.13,600
BIE,09:30:00.13,13.33,104
BHL,09:30:00.13,13.64,494
BGR,09:30:00.13,24.15,3839
BFS,09:30:00.13,47.6,100
BIT,09:30:00.13,17.15,2700
BGG,09:30:00.13,21.62,100
BGG,09:30:00.13,21.74,100
BBT,09:30:00.13,37.11,100
BBT,09:30:00.13,37.11,100
BBT,09:30:00.13,37.18,100
BBT,09:30:00.13,37.16,100
ATVI,09:30:00.13,17.91,100
ATVI,09:30:00.13,17.91,62
ASIA,09:30:00.13,11.94,100
ARRY,09:30:00.13,5.03,199
AME,09:30:00.13,52.43,8506
AZZ,09:30:00.13,48.75,963
ICGE,09:30:00.13,18.49,1395
ICGE,09:30:00.13,18.49,1395
GTIV,09:30:00.13,12.32,4442
GTIV,09:30:00.13,12.32,4442
ICLR,09:30:00.13,40.31,1616
ICLR,09:30:00.13,40.31,1616
HSKA,09:30:00.13,8.78,1379
HSKA,09:30:00.13,8.78,1379
CANF,09:30:00.13,6,200
BTX,09:30:00.13,3.58,7041
BXE,09:30:00.13,7.33,600
CEP,09:30:00.13,2.4,136
BCS,09:30:00.13,18.11,702
BK,09:30:00.13,34.3,100
BQY,09:30:00.13,12.96,1800
BBH,09:30:00.13,87.97,100
EXP,09:30:00.13,77.25,10253
ESS,09:30:00.13,144.42,3
HLF,09:30:00.13,78.65,100
HLF,09:30:00.13,78.65,100
HLF,09:30:00.13,78.75,2
GS,09:30:00.13,177.01,1
HTZ,09:30:00.13,28.51,32
HLF,09:30:00.13,78.7,100
HPQ,09:30:00.13,27.89,100
HLF,09:30:00.13,78.71,100
HSY,09:30:00.13,97.21,3
GTU,09:30:00.13,42.37,100
MU,09:30:00.13,21.68,157
MU,09:30:00.13,21.68,200
MU,09:30:00.13,21.68,500
MU,09:30:00.13,21.68,2043
MU,09:30:00.13,21.68,100
MSBF,09:30:00.13,8.08,100
MSBF,09:30:00.13,8.08,100
MVO,09:30:00.13,23.79,3
ABX,09:30:00.13,17.95,100
AXS.PR.D,09:30:00.13,18.62,278
AU,09:30:00.13,12.13,100
MA,09:30:00.13,839.37,17
MHFI,09:30:00.13,77.38,100
MIL,09:30:00.13,8,200
SU,09:30:00.13,34.91,400
SYY,09:30:00.13,36.9,100
TDC,09:30:00.13,45.33,100
EPI,09:30:00.13,17.09,1162
SPY,09:30:00.13,183.92,100
SPY,09:30:00.13,183.91,20
IWM,09:30:00.13,115.08,200
IWM,09:30:00.13,115.08,202
IWM,09:30:00.13,115.08,148
NVS,09:30:00.13,78.8,200
PRGO,09:30:00.15,152.17,100
PFE,09:30:00.15,30.48,200
GPS,09:30:00.15,39.31,34
X,09:30:00.15,29.98,100
WMB,09:30:00.15,38.38,400
WSFSL,09:30:00.15,25.9,150
WSFSL,09:30:00.15,25.9,150
WRES,09:30:00.15,3.11,4290
WRES,09:30:00.15,3.11,4290
CNX,09:30:00.15,37.84,15013
COT,09:30:00.15,8.02,3859
CSCO,09:30:00.15,22.16,60
CSQ,09:30:00.15,10.86,15525
CTXS,09:30:00.15,63.04,100
CSQ,09:30:00.15,10.86,15525
CTXS,09:30:00.15,63.04,100
CTXS,09:30:00.15,63.04,100
CSCO,09:30:00.15,22.26,300
KFX,09:30:00.15,7.4,28
KFX,09:30:00.15,7.4,28
DGAS,09:30:00.15,22.31,13
DGAS,09:30:00.15,22.31,13
DLNG,09:30:00.15,22.26,1300
DLNG,09:30:00.15,22.26,1300
SLAB,09:30:00.15,43.21,7987
SLAB,09:30:00.15,43.21,7987
DRYS,09:30:00.15,4.38,300
DRYS,09:30:00.15,4.38,1100
DRYS,09:30:00.15,4.38,276
DRYS,09:30:00.15,4.38,7000
EMCI,09:30:00.15,30.37,362
EMCI,09:30:00.15,30.37,362
VIAB,09:30:00.15,86.99,62
VIAB,09:30:00.15,87.42,100
OSUR,09:30:00.15,6.28,4366
OSUR,09:30:00.15,6.28,4366
OMEX,09:30:00.15,2.04,8155
OMEX,09:30:00.15,2.04,8155
NXPI,09:30:00.15,44.7,100
NVDQ,09:30:00.15,16.27,4473
NXPI,09:30:00.15,44.7,100
OSIR,09:30:00.15,16.03,1778
MAT,09:30:00.15,47.57,100
LOPE,09:30:00.15,43.34,1760
LOPE,09:30:00.15,43.34,1760
LPHI,09:30:00.15,1.75,130
LPHI,09:30:00.15,1.75,130
LSI,09:30:00.15,11.01,91
TNDM,09:30:00.15,25.94,4688
TQQQ,09:30:00.15,122.42,100
TQQQ,09:30:00.15,122.43,100
TNDM,09:30:00.15,25.94,4688
TQQQ,09:30:00.15,122.43,100
TQQQ,09:30:00.15,122.43,100
UPI,09:30:00.15,2.76,300
UTX,09:30:00.15,112.9,100
VCI,09:30:00.15,34.2,150
VCI,09:30:00.15,34.2,50
UTX,09:30:00.15,112.89,200
AEZS,09:30:00.15,1.4,35019
AEZS,09:30:00.15,1.4,35019
ACWX,09:30:00.15,46.21,94
XLNX,09:30:00.15,46.679,200
Z,09:30:00.15,82.33,11206
XLNX,09:30:00.15,46.69,33
Z,09:30:00.15,82.33,11206
UBS,09:30:00.15,18.85,100
UBS,09:30:00.15,18.85,100
UBS,09:30:00.15,18.85,100
TRMR,09:30:00.15,5.43,100
DIA,09:30:00.15,164.79,500
TZA,09:30:00.15,17.1,100
TZA,09:30:00.15,17.1,700
TZA,09:30:00.15,17.09,300
TD,09:30:00.15,93.34,2
SWY,09:30:00.15,32.42,100
TCK,09:30:00.15,25.76,100
STM,09:30:00.15,7.89,200
CHKR,09:30:00.15,10.64,4228
CIF,09:30:00.15,2.9,6955
CLNY.PR.A,09:30:00.15,25,300
CBS,09:30:00.15,63.4,60
BTH,09:30:00.15,10.95,100
CIE,09:30:00.15,16.34,100
CAH,09:30:00.15,66.45,22
CAH,09:30:00.15,66.45,99
CAH,09:30:00.15,66.35,50
MCZ,09:30:00.15,0.5299,1000
KGC,09:30:00.15,4.45,100
KWK,09:30:00.15,3.12,1100
KGC,09:30:00.15,4.45,300
KYO,09:30:00.15,49.27,100
KYO,09:30:00.15,49.27,100
JOY,09:30:00.15,58.02,100
LAZ,09:30:00.15,45.14,1
KYO,09:30:00.15,49.37,2
APA,09:30:00.15,85.9,86
IR,09:30:00.15,61.25,1
IOC,09:30:00.15,51.2,2
IOC,09:30:00.15,51.2,96
CAH,09:30:00.15,66.32,49
QQQ,09:30:00.15,87.55,100
ROICU,09:30:00.15,18,46
ROICU,09:30:00.15,18,46
AMAT,09:30:00.15,17.69,101
ANSS,09:30:00.15,86.44,4451
FOSL,09:30:00.15,119.85,100
FSTR,09:30:00.15,47.22,325
FSTR,09:30:00.15,47.22,325
FNLC,09:30:00.15,17.12,1299
FNLC,09:30:00.15,17.12,1299
FB,09:30:00.15,54.83,100
CELG,09:30:00.15,169.27,25
CELG,09:30:00.15,169.3,95
CSCO,09:30:00.15,22.26,48
CSCO,09:30:00.15,22.16,44
CU,09:30:00.15,22.26,2028
CU,09:30:00.15,22.26,2028
ISRG,09:30:00.15,383.41,100
IMI,09:30:00.15,4.92,2000
IMI,09:30:00.15,4.92,2000
UPI,09:30:00.15,2.76,300
UBSI,09:30:00.15,31.57,15148
UBSI,09:30:00.15,31.57,15148
AMZN,09:30:00.15,399.29,7
AMZN,09:30:00.15,399.29,7
AVNW,09:30:00.15,2.26,2066
AVAV,09:30:00.15,29.25,200
AVAV,09:30:00.15,29.25,200
ASIA,09:30:00.15,11.94,100
QID,09:30:00.15,15.13,1000
QLD,09:30:00.15,98.7,200
QID,09:30:00.15,15.13,1300
SRPT,09:30:00.15,20.26,10061
SRPT,09:30:00.15,20.26,10061
SSYS,09:30:00.15,135.07,100
SSYS,09:30:00.15,135.08,100
SSYS,09:30:00.15,134.86,93
IBTX,09:30:00.15,49.42,46
IBTX,09:30:00.15,49.42,46
HERO,09:30:00.15,6.53,100
HERO,09:30:00.15,6.54,300
IART,09:30:00.15,47.49,228
HOTR,09:30:00.15,5.12,5000
IART,09:30:00.15,47.49,228
HOTR,09:30:00.15,5.12,5000
HURC,09:30:00.15,24.89,304
GT,09:30:00.15,23.67,31137
MONT,09:30:00.15,16.66,1470
MNST,09:30:00.15,67.87,100
MONT,09:30:00.15,16.66,1470
RVBD,09:30:00.15,18.05,7279
RVBD,09:30:00.15,18.05,7279
NXPI,09:30:00.15,44.7,200
NPSP,09:30:00.15,29.63,100
NVDQ,09:30:00.15,16.27,4473
OPHC,09:30:00.15,1.48,100
OSIR,09:30:00.15,16.03,1778
OPHC,09:30:00.15,1.48,100
NMRX,09:30:00.15,12.94,126
EQR,09:30:00.15,51.82,100
PEP,09:30:00.15,82.88,1
PCG,09:30:00.15,40.36,100
PBR,09:30:00.15,13.46,100
PBR,09:30:00.15,13.46,100
PBR,09:30:00.15,13.47,700
PCP,09:30:00.15,268.12,3
PBR,09:30:00.15,13.47,300
PRU,09:30:00.15,91.5,100
BCS,09:30:00.15,18.1,200
BCS,09:30:00.15,18.1,100
BK,09:30:00.15,34.33,100
BBT,09:30:00.15,37.1,100
BHP,09:30:00.15,67.31,100
BBT,09:30:00.15,37.11,100
BBT,09:30:00.15,37.16,100
AEM,09:30:00.15,27,100
ALK,09:30:00.15,73.25,100
ADM,09:30:00.15,43.19,100
AET,09:30:00.15,68.12,100
AET,09:30:00.15,68.13,100
MAC,09:30:00.15,58.58,2
LNKD,09:30:00.15,214.02,2
LNKD,09:30:00.15,214.01,98
MAC,09:30:00.15,58.58,98
MCO,09:30:00.15,77.71,200
CPA,09:30:00.15,159.18,94
CNQ,09:30:00.15,33.47,300
CNQ,09:30:00.15,33.47,100
CANF,09:30:00.15,6,1000
EQR,09:30:00.15,51.87,100
DOW,09:30:00.15,44.2,100
DOW,09:30:00.15,44.2,100
EQR,09:30:00.15,51.91,100
DVY,09:30:00.15,71.17,200
EEM,09:30:00.15,41,299
SPY,09:30:00.15,183.94,100
SPY,09:30:00.15,183.95,300
SPY,09:30:00.15,183.95,300
SPY,09:30:00.15,183.95,100
SPY,09:30:00.15,183.96,1200
SPY,09:30:00.15,183.93,300
SPY,09:30:00.15,183.92,200
SPY,09:30:00.15,183.92,1
SPY,09:30:00.15,183.93,100
SPY,09:30:00.15,183.92,51
SPY,09:30:00.15,183.92,91
SPY,09:30:00.15,183.92,54
BCS,09:30:00.15,18.1,100
BCS,09:30:00.15,18.1,100
BCS,09:30:00.15,18.1,100
BCS,09:30:00.15,18.1,300
BCS,09:30:00.15,18.1,100
BCS,09:30:00.15,18.1,100
BCS,09:30:00.15,18.1,100
BCS,09:30:00.15,18.1,200
BCS,09:30:00.15,18.1,300
BCS,09:30:00.15,18.1,200
BBT,09:30:00.15,36.93,100
BHP,09:30:00.15,67.36,100
JWN,09:30:00.15,61.67,2600
KOG,09:30:00.15,11.15,1000
KGC,09:30:00.15,4.45,200
KORS,09:30:00.15,80.94,15
KORS,09:30:00.15,80.97,100
KORS,09:30:00.15,80.98,85
JWN,09:30:00.15,61.67,2600
KGC,09:30:00.15,4.45,100
KGC,09:30:00.15,4.45,100
KGC,09:30:00.15,4.45,100
IYR,09:30:00.15,62.93,100
IVV,09:30:00.15,185.01,100
GDXJ,09:30:00.15,31.98,138
GDXJ,09:30:00.15,31.98,138
SAM,09:30:00.15,239.75,2
SBGL,09:30:00.15,4.85,200
SBGL,09:30:00.15,4.86,200
RRC,09:30:00.15,81.84,3
RYL,09:30:00.15,43.42,3
SID,09:30:00.15,6.06,200
SCZ,09:30:00.15,50.6,40
MRO,09:30:00.15,35.26,100
NSPR,09:30:00.15,2.52,200
ETN,09:30:00.15,75.69,1
ETP,09:30:00.15,56.88,3
EV,09:30:00.15,42.51,98
ETP,09:30:00.15,56.88,97
FNV,09:30:00.15,41.2,100
EVER,09:30:00.15,18.37,1000
ALV,09:30:00.15,90.77,99
AVK,09:30:00.15,18.53,135
AMC,09:30:00.15,20.73,100
ATO,09:30:00.15,45.26,23
ATO,09:30:00.15,45.3,100
VOC,09:30:00.15,14.73,2
UTF,09:30:00.15,20.54,100
UTX,09:30:00.15,112.9,100
UTX,09:30:00.15,112.9,100
UTX,09:30:00.15,112.89,100
STM,09:30:00.15,7.89,100
STM,09:30:00.15,7.89,200
SYY,09:30:00.15,36.69,3
X,09:30:00.15,29.98,100
WFC,09:30:00.15,45.16,600
X,09:30:00.15,29.96,300
X,09:30:00.15,29.96,100
X,09:30:00.15,29.95,200
X,09:30:00.15,29.96,100
X,09:30:00.15,29.96,100
X,09:30:00.15,29.96,100
WFC,09:30:00.15,45.16,3000
X,09:30:00.15,29.96,100
WFC,09:30:00.15,45.16,600
X,09:30:00.15,29.95,300
X,09:30:00.15,29.95,100
CX,09:30:00.15,11.85,198
CX,09:30:00.15,11.8,102
DDC,09:30:00.15,14.5,200
DDC,09:30:00.15,14.5,200
DDC,09:30:00.15,14.5,300
GRA,09:30:00.15,98.31,3
IBN,09:30:00.15,36.29,1
HMY,09:30:00.15,2.58,900
HMY,09:30:00.15,2.58,100
HQH,09:30:00.15,26.83,1
VTNR,09:30:00.15,3.39,500
VRSN,09:30:00.15,59.43,100
URBN,09:30:00.15,38.41,100
ADBE,09:30:00.15,59.15,11
AAPL,09:30:00.15,556,10
AAPL,09:30:00.15,556,10
AAPL,09:30:00.15,556,13
AAPL,09:30:00.15,556,10
AAPL,09:30:00.15,555.75,17
LECO,09:30:00.15,71.12,1372
LECO,09:30:00.15,71.12,1372
KIPS,09:30:00.15,0.72,1000
LLTC,09:30:00.15,45.48,32
NFLX,09:30:00.15,366.57,36
NFLX,09:30:00.15,366.57,250
NMRX,09:30:00.15,12.94,126
OCRX,09:30:00.15,13.13,2380
FSLR,09:30:00.15,54.28,12
ESYS,09:30:00.15,13.1,600
ANSS,09:30:00.15,86.44,4451
AMZN,09:30:00.15,398,8
AMZN,09:30:00.15,398,10
AVNW,09:30:00.15,2.26,2066
GOOG,09:30:00.15,1115.6,41
GOOG,09:30:00.15,1115.5,20
GOOG,09:30:00.15,1115.94,34
GBLI,09:30:00.15,25.1,500
GOOG,09:30:00.15,1115.5,21
GBLI,09:30:00.15,25.1,500
GILD,09:30:00.15,75.36,100
CZFC,09:30:00.15,9.49,300
CZFC,09:30:00.15,9.49,300
PMNA,09:30:00.15,12.05,68
PMNA,09:30:00.15,12.05,68
PACW,09:30:00.15,42.06,955
URBN,09:30:00.15,38.41,100
URBN,09:30:00.15,38.41,200
URBN,09:30:00.15,38.4,100
VRNG,09:30:00.15,3.01,7497
VTNR,09:30:00.15,3.39,500
VTNC,09:30:00.15,6.47,100
VTNC,09:30:00.15,6.46,100
VTNC,09:30:00.15,6.46,100
VTNC,09:30:00.15,6.47,100
VRNG,09:30:00.15,3.01,7497
VTNC,09:30:00.15,6.46,200
VTNC,09:30:00.15,6.46,100
VTNC,09:30:00.15,6.46,100
RCII,09:30:00.15,33.32,3362
RCII,09:30:00.15,33.32,3362
LSI,09:30:00.18,11.01,100
LSI,09:30:00.18,11.01,100
X,09:30:00.18,29.95,100
WFC,09:30:00.18,45.16,2797
WMB,09:30:00.18,38.33,100
WMB,09:30:00.18,38.34,100
WMB,09:30:00.18,38.35,200
WYN,09:30:00.18,73.29,100
X,09:30:00.18,29.95,100
WMB,09:30:00.18,38.35,100
AUQ,09:30:00.18,3.75,100
NPT,09:30:00.18,12.23,28
NPT,09:30:00.18,12.23,28
BECN,09:30:00.18,40.08,2443
BECN,09:30:00.18,40.08,2443
IGU,09:30:00.18,52.46,100
IWM,09:30:00.18,115.08,87
ECA,09:30:00.18,18.04,5
ECA,09:30:00.18,18.04,5
EBR,09:30:00.18,2.42,600
EBR,09:30:00.18,2.42,100
EBR,09:30:00.18,2.42,400
ECA,09:30:00.18,18.04,5
VWO,09:30:00.18,40.51,300
VEU,09:30:00.18,50,1200
VWO,09:30:00.18,40.51,300
BX,09:30:00.18,31.5,100
CIF,09:30:00.18,2.9,200
C,09:30:00.18,52.02,100
BSBR,09:30:00.18,5.88,100
C,09:30:00.18,52.02,100
BSBR,09:30:00.18,5.88,500
BSBR,09:30:00.18,5.88,400
BSBR,09:30:00.18,5.89,379
CEL,09:30:00.18,13.65,100
EWH,09:30:00.18,20.56,100
EWH,09:30:00.18,20.57,64
BIDU,09:30:00.18,177.49,100
BIDU,09:30:00.18,177.69,50
BGMD,09:30:00.18,1.01,20032
BDE,09:30:00.18,13.36,2176
RETL,09:30:00.18,80,8
RBY,09:30:00.18,0.93,1000
AEM,09:30:00.18,27,100
ABX,09:30:00.18,17.95,100
SPG,09:30:00.18,152.55,2
SMP,09:30:00.18,36.75,1
SNI,09:30:00.18,85.68,100
SNI,09:30:00.18,85.6,100
TW,09:30:00.18,126.36,3
TLK,09:30:00.18,35.76,2
TPL,09:30:00.18,99.57,2
X,09:30:00.18,29.95,100
WMB,09:30:00.18,38.39,100
X,09:30:00.18,29.95,200
X,09:30:00.18,29.95,100
HERO,09:30:00.18,6.54,175
HERO,09:30:00.18,6.54,125
HURC,09:30:00.18,24.89,304
HERO,09:30:00.18,6.55,375
GT,09:30:00.18,23.67,31137
HWKN,09:30:00.18,37.02,200
HERO,09:30:00.18,6.55,185
HWKN,09:30:00.18,37.02,200
DTLK,09:30:00.18,10.84,36
DRYS,09:30:00.18,4.38,100
DRYS,09:30:00.18,4.38,100
DTLK,09:30:00.18,10.84,36
FATE,09:30:00.18,6.35,20490
FSGI,09:30:00.18,2.28,143
ESYS,09:30:00.18,13.1,600
FATE,09:30:00.18,6.35,20490
BSBR,09:30:00.18,5.88,100
CIG,09:30:00.18,7.62,1100
CFN,09:30:00.18,39.81,26493
CI,09:30:00.18,86.99,100
CI,09:30:00.18,86.88,100
CIA,09:30:00.18,8.71,311
XLP,09:30:00.18,42.87,65
XLP,09:30:00.18,42.87,65
XLU,09:30:00.18,37.92,160
XLK,09:30:00.18,35.62,1000
DO,09:30:00.18,56.66,100
CWT,09:30:00.18,22.99,1908
CYT,09:30:00.18,92.84,4050
DDC,09:30:00.18,14.5,200
DM,09:30:00.18,0.7378,17225
DDE,09:30:00.18,1.48,900
CWH.PR.D,09:30:00.18,20.42,2200
SPCHB,09:30:00.18,1.26,34
SNDK,09:30:00.18,70.02,100
SNDK,09:30:00.18,69.99,10
SPCHB,09:30:00.18,1.26,34
SMT,09:30:00.18,2.19,261
SMT,09:30:00.18,2.19,261
SLM,09:30:00.18,26.24,100
MU,09:30:00.18,21.68,100
MSFT,09:30:00.18,37.35,100
NBIX,09:30:00.18,9.27,5177
MYL,09:30:00.18,43.38,100
MRGE,09:30:00.18,2.32,1377
NBIX,09:30:00.18,9.27,5177
MYL,09:30:00.18,43.38,100
MMYT,09:30:00.18,19.35,350
MSFT,09:30:00.18,37.35,38
MU,09:30:00.18,21.68,34
MU,09:30:00.18,21.68,66
MRGE,09:30:00.18,2.32,1377
MMYT,09:30:00.18,19.35,350
MT,09:30:00.18,17.61,100
SDRL,09:30:00.18,40.47,100
SDRL,09:30:00.18,40.48,200
SDRL,09:30:00.18,40.48,200
SDRL,09:30:00.18,40.48,100
SDRL,09:30:00.18,40.48,200
SDRL,09:30:00.18,40.48,200
CWH.PR.E,09:30:00.18,21.8,303
CWHN,09:30:00.18,20.82,408
DIA,09:30:00.18,164.8,200
KIPS,09:30:00.18,0.72,1000
JFBI,09:30:00.18,6.37,140
KSS,09:30:00.18,56.76,3
KGC,09:30:00.18,4.45,100
LDOS,09:30:00.18,46.07,200
LDOS,09:30:00.18,46.05,100
LDOS,09:30:00.18,46.04,100
KORS,09:30:00.18,80.98,185
CRL,09:30:00.18,52.62,99
CRL,09:30:00.18,53.08,99
CNQ,09:30:00.18,33.47,100
CVO,09:30:00.18,3.41,8510
CPT,09:30:00.18,56.88,7543
CNK,09:30:00.18,33.38,11984
CSI,09:30:00.18,18.26,3189
CSP,09:30:00.18,6.51,8535
CNQ,09:30:00.18,33.47,100
COL,09:30:00.18,74,16034
CNQ,09:30:00.18,33.47,100
NAD,09:30:00.18,12.63,8
NAD,09:30:00.18,12.63,8
CAS,09:30:00.18,14.8,1334
CKP,09:30:00.18,15.67,1343
CLD,09:30:00.18,17.94,1614
CLX,09:30:00.18,92.75,19735
BXS,09:30:00.18,25.35,3280
ORCL,09:30:00.18,37.79,100
ORCL,09:30:00.18,37.79,100
ORCL,09:30:00.18,37.79,100
ORCL,09:30:00.18,37.79,100
NUGT,09:30:00.18,29.25,100
NUGT,09:30:00.18,29.31,100
UDOW,09:30:00.18,111.64,100
TNA,09:30:00.18,76.8,100
RAVI,09:30:00.18,75.4,200
IR,09:30:00.18,61.25,99
CWHO,09:30:00.18,18.84,300
D,09:30:00.18,64.61,16006
DCI,09:30:00.18,43.28,6474
DBL,09:30:00.18,22.32,1512
DHF,09:30:00.18,4.07,20904
BCS,09:30:00.18,18.1,100
BCS,09:30:00.18,18.1,100
BCS,09:30:00.18,18.1,100
BCS,09:30:00.18,18.1,100
BCS,09:30:00.18,18.1,100
BCS,09:30:00.18,18.1,100
BCS,09:30:00.18,18.1,100
BCS,09:30:00.18,18.1,100
BFAM,09:30:00.18,36.53,301
BMO,09:30:00.18,66.5,4157
BLT,09:30:00.18,14.45,1632
BKE,09:30:00.18,52.62,2734
BOI,09:30:00.18,16.57,331
EVER,09:30:00.18,18.37,1000
FDO,09:30:00.18,65.04,8684
FDO,09:30:00.18,65,74
FET,09:30:00.18,28.1,1156
ETN,09:30:00.18,75.69,99
FRO,09:30:00.18,3.74,100
FRO,09:30:00.18,3.74,100
NUGT,09:30:00.18,29.32,150
CBI,09:30:00.18,82.94,13802
BRX,09:30:00.18,20.09,1524
BWA,09:30:00.18,55.89,23286
CEC,09:30:00.18,44.19,175
C,09:30:00.18,52.02,100
CAM,09:30:00.18,59.14,18495
CMA,09:30:00.18,47.21,26433
BWG,09:30:00.18,16.82,8514
BIP,09:30:00.18,39.02,5340
DRE,09:30:00.18,15.25,25768
DDF,09:30:00.18,9.4,106
DHG,09:30:00.18,14.4,11170
DNI,09:30:00.18,15.09,202
SUNS,09:30:00.18,18.2,21
SUNS,09:30:00.18,18.2,21
STX,09:30:00.18,55.93,145
GDX,09:30:00.18,21.58,100
GDX,09:30:00.18,21.58,100
GDX,09:30:00.18,21.58,300
GDX,09:30:00.18,21.59,600
GDX,09:30:00.18,21.58,375
DRC,09:30:00.18,59.25,2255
DPO,09:30:00.18,13.12,3850
DPM,09:30:00.18,50.4,1367
DX.PR.A,09:30:00.18,22.86,200
EHI,09:30:00.18,12.2,9770
DUC,09:30:00.18,10.01,1142
EME,09:30:00.18,42.42,3487
DPD,09:30:00.18,15.58,1404
WTFC,09:30:00.18,45.97,2676
WTFC,09:30:00.18,45.97,2676
KGC,09:30:00.18,4.45,100
JNJ,09:30:00.18,91.13,100
CAK,09:30:00.18,1.48,950
CEV,09:30:00.18,11.26,3217
CFP,09:30:00.18,5.15,4869
CLM,09:30:00.18,6.63,9568
PBR,09:30:00.18,13.46,100
PBR,09:30:00.18,13.46,100
PSA,09:30:00.18,150.41,1
PG,09:30:00.18,81.29,100
GSVC,09:30:00.18,12,1967
HP,09:30:00.18,83.95,1
IBM,09:30:00.18,187.2,32
SONC,09:30:00.18,20.04,4010
ACWI,09:30:00.18,57.19,6567
AMZN,09:30:00.18,399.07,68
APEI,09:30:00.18,43.47,548
ASIA,09:30:00.18,11.94,1038
ATSG,09:30:00.18,8.07,311
APEI,09:30:00.18,43.47,548
OCRX,09:30:00.18,13.13,2380
NTAP,09:30:00.18,41.01,58929
NWSA,09:30:00.18,18.05,168
NTAP,09:30:00.18,41.01,58929
OMED,09:30:00.18,29.91,1315
NRCIB,09:30:00.18,34.78,117
EHTH,09:30:00.18,46.5,2662
DRYS,09:30:00.18,4.38,24
DRYS,09:30:00.18,4.38,76
EHTH,09:30:00.18,46.5,2662
BGMD,09:30:00.18,1.01,20032
BDE,09:30:00.18,13.36,2176
BOCH,09:30:00.18,5.66,901
AEZS,09:30:00.18,1.41,1000
ACWI,09:30:00.18,57.19,6567
ABCB,09:30:00.18,21.09,47
VTNC,09:30:00.18,6.46,300
VTNC,09:30:00.18,6.46,200
VTNC,09:30:00.18,6.46,100
VTNC,09:30:00.18,6.46,300
VTNC,09:30:00.18,6.46,100
FTR,09:30:00.18,4.67,200
GILD,09:30:00.18,75.36,100
FUEL,09:30:00.18,61.21,540
GILD,09:30:00.18,75.36,100
PACW,09:30:00.18,42.06,955
PCLN,09:30:00.18,1157.02,2
PCLN,09:30:00.18,1157.01,34
PAYX,09:30:00.18,45.43,100
PBCT,09:30:00.18,15.07,100
CPXX,09:30:00.18,3.2,1000
CPXX,09:30:00.18,3.2,1000
MDCO,09:30:00.18,38.6,5
MFRI,09:30:00.18,15,7032
MFSF,09:30:00.18,17.12,300
QQQ,09:30:00.18,87.56,400
RGEN,09:30:00.18,13.74,14606
QTWW,09:30:00.18,7.78,11970
CVRR,09:30:00.18,22.67,4683
CNS,09:30:00.18,40,633
COV,09:30:00.18,67.87,17533
CPT,09:30:00.18,56.95,100
CPB,09:30:00.18,43.08,15162
CPT,09:30:00.18,57,16
EEM,09:30:00.18,40.99,58
MHFI,09:30:00.18,77.39,400
MHFI,09:30:00.18,77.38,100
MCD,09:30:00.18,96.8,32
MBI,09:30:00.18,11.9,100
TD,09:30:00.18,93.57,2
STI,09:30:00.18,36.8,100
SYY,09:30:00.18,36.69,100
R,09:30:00.18,73.11,3
RPAI,09:30:00.18,12.66,100
NKE,09:30:00.18,78.03,32
OCR,09:30:00.18,60.44,1
AZZ,09:30:00.18,48.75,250
ASX,09:30:00.18,4.75,500
ASX,09:30:00.18,4.75,500
ASX,09:30:00.18,4.75,500
ASX,09:30:00.18,4.75,500
ARW,09:30:00.18,54.29,100
ARW,09:30:00.18,54.33,17
SHM,09:30:00.18,24.28,2
FCAN,09:30:00.18,36.28,400
FLOT,09:30:00.18,50.73,15
FCAN,09:30:00.18,36.29,400
CATO,09:30:00.18,31.61,750
CBK,09:30:00.18,8.56,7501
CBL,09:30:00.18,17.96,24551
CLW,09:30:00.18,52.49,380
CCV,09:30:00.18,20.61,324
CEQP,09:30:00.18,13.9,4900
CHN,09:30:00.18,20.69,434
CPT,09:30:00.18,57,16
CMLP,09:30:00.18,24.75,6238
CNR,09:30:00.18,0.9,500
CMT,09:30:00.18,13.57,1255
CRF,09:30:00.18,6.09,10064
CRF,09:30:00.18,6.08,900
CPHI,09:30:00.18,0.34,230
BBH,09:30:00.18,88.75,100
SOCL,09:30:00.18,21.3,3406
SONC,09:30:00.18,20.04,4010
SPY,09:30:00.18,183.92,100
ADT,09:30:00.18,40.48,100
ABX,09:30:00.18,17.95,100
ABX,09:30:00.18,17.96,100
AI,09:30:00.18,26.5,50
WMB,09:30:00.18,38.38,100
X,09:30:00.18,29.95,300
WMT,09:30:00.18,78.69,32
IWM,09:30:00.18,115.08,100
IWM,09:30:00.18,115.07,100
IWM,09:30:00.18,115.07,100
V,09:30:00.20,221.59,32
VCI,09:30:00.20,34.2,200
VCI,09:30:00.20,34.2,200
UPS,09:30:00.20,104.59,100
VWO,09:30:00.20,40.51,100
VWO,09:30:00.20,40.51,100
VWO,09:30:00.20,40.5,85
TCK,09:30:00.20,25.76,100
T,09:30:00.20,35.25,32
SYY,09:30:00.20,36.69,100
SRTY,09:30:00.20,10.82,1400
CCXI,09:30:00.20,5.82,3905
CCXI,09:30:00.20,5.82,3905
MOO,09:30:00.20,53.8,100
MOO,09:30:00.20,53.75,500
QTWW,09:30:00.20,7.78,100
QTWW,09:30:00.20,7.78,100
QTWW,09:30:00.20,7.78,462
QTWW,09:30:00.20,7.79,100
QTWW,09:30:00.20,7.8,100
QTWW,09:30:00.20,7.8,100
QTWW,09:30:00.20,7.8,562
SLM,09:30:00.20,26.24,100
SLM,09:30:00.20,26.24,100
SOCL,09:30:00.20,21.3,3406
SLM,09:30:00.20,26.24,114
CFR.PR.A,09:30:00.20,19.85,100
CEN,09:30:00.20,18.22,501
CI,09:30:00.20,86.84,300
CLI,09:30:00.20,21.12,18140
BTZ,09:30:00.20,13.03,7000
BWP,09:30:00.20,25.5,10434
CDR,09:30:00.20,6.26,2602
BTO,09:30:00.20,23.38,5122
BWS,09:30:00.20,27.76,21946
ZINC,09:30:00.20,16.25,12773
XONE,09:30:00.20,61,5
XONE,09:30:00.20,61,5
ZINC,09:30:00.20,16.25,12773
NTGR,09:30:00.20,32.85,962
NFLX,09:30:00.20,366.85,15
NIHD,09:30:00.20,2.76,19803
NUTR,09:30:00.20,26.78,400
OMED,09:30:00.20,29.91,1315
OBCI,09:30:00.20,2.43,1360
NRCIB,09:30:00.20,34.78,117
NFLX,09:30:00.20,366.85,18
FSGI,09:30:00.20,2.28,143
FSYS,09:30:00.20,13.9,3883
HBAN,09:30:00.20,9.6,150
GSVC,09:30:00.20,12,1967
ICLN,09:30:00.20,10.4,110
ISRG,09:30:00.20,383.4,100
INTC,09:30:00.20,25.79,32
IMI,09:30:00.20,5,400
INTC,09:30:00.20,25.78,100
JFBI,09:30:00.20,6.37,140
LECO,09:30:00.20,71.29,21
JDSU,09:30:00.20,12.88,300
JDSU,09:30:00.20,12.88,100
JDSU,09:30:00.20,12.86,300
JNJ,09:30:00.20,91.13,32
KGC,09:30:00.20,4.45,100
KGC,09:30:00.20,4.45,100
KGC,09:30:00.20,4.45,100
JEC,09:30:00.20,63.67,100
JPM,09:30:00.20,58.32,32
KGC,09:30:00.20,4.45,100
QTWW,09:30:00.20,7.8,100
QTWW,09:30:00.20,7.8,100
QTWW,09:30:00.20,7.8,100
RGEN,09:30:00.20,13.74,14606
RDCM,09:30:00.20,5.38,2800
QTWW,09:30:00.20,7.78,11970
STM,09:30:00.20,7.89,200
STM,09:30:00.20,7.89,200
GS,09:30:00.20,177.01,32
HPQ,09:30:00.20,27.88,100
HPQ,09:30:00.20,27.9,100
HIX,09:30:00.20,9.01,100
HD,09:30:00.20,81.97,32
DY,09:30:00.20,27.6,4941
DRI,09:30:00.20,54.18,17454
DRL,09:30:00.20,15.66,400
DSU,09:30:00.20,4,31957
DRI,09:30:00.20,54.19,100
XLY,09:30:00.20,66.7,85
XLF,09:30:00.20,21.82,328
XLF,09:30:00.20,21.82,313
XLF,09:30:00.20,21.82,328
XLF,09:30:00.20,21.81,100
XLK,09:30:00.20,35.62,430
NVO,09:30:00.20,184.62,100
OII,09:30:00.20,77.72,100
OII,09:30:00.20,77.7,300
NEM,09:30:00.20,23.47,200
GFI,09:30:00.20,3.24,2800
GME,09:30:00.20,49.26,100
GE,09:30:00.20,27.86,50
GE,09:30:00.20,27.86,50
GG,09:30:00.20,22.15,375
GG,09:30:00.20,22.15,375
GG,09:30:00.20,22.15,105
GG,09:30:00.20,22.15,300
GPS,09:30:00.20,39.29,100
GPS,09:30:00.20,39.29,100
GPS,09:30:00.20,39.31,100
GDOT,09:30:00.20,25.32,1200
CIK,09:30:00.20,3.56,10887
SBGL,09:30:00.20,4.86,52
RYL,09:30:00.20,43.42,89
SAP,09:30:00.20,84.97,1900
RRC,09:30:00.20,81.84,97
BRC,09:30:00.20,30.67,33
BEN,09:30:00.20,57.33,1392
BGC,09:30:00.20,29.32,4060
BRC,09:30:00.20,30.94,1993
BEN,09:30:00.20,57.33,1661
BRC,09:30:00.20,30.64,100
BMO,09:30:00.20,66.56,100
BCR,09:30:00.20,134,100
BCR,09:30:00.20,134.15,100
TOWN,09:30:00.20,15.37,200
TOWN,09:30:00.20,15.37,200
UNH,09:30:00.20,74.89,32
COF.PR.P,09:30:00.20,21.6,1327
CRK,09:30:00.20,18.2,4905
CUB,09:30:00.20,52.55,256
CRT,09:30:00.20,29.48,101
CSG,09:30:00.20,7.65,13688
CNQ,09:30:00.20,33.47,22767
CRI,09:30:00.20,71.85,100
CRI,09:30:00.20,71.95,100
CAP,09:30:00.20,23.57,478
CCG,09:30:00.20,9.41,3964
CE,09:30:00.20,55.15,5348
PCG,09:30:00.20,40.37,100
POT,09:30:00.20,33.15,100
POT,09:30:00.20,33.15,300
PPP,09:30:00.20,4.56,100
PSA,09:30:00.20,150.41,1
POT,09:30:00.20,33.15,200
POT,09:30:00.20,33.15,200
PEP,09:30:00.20,82.9,100
PEP,09:30:00.20,82.92,300
PDS,09:30:00.20,9.33,487
CE,09:30:00.20,54.93,169
CGI,09:30:00.20,19.4,735
CEM,09:30:00.20,27.05,9744
CHSP,09:30:00.20,25.24,1777
CLDT,09:30:00.20,20.44,362
DMB,09:30:00.20,10.36,926
DIS,09:30:00.20,76.01,100
DDC,09:30:00.20,14.5,200
IRL,09:30:00.20,12.74,100
IOC,09:30:00.20,51.2,100
IRL,09:30:00.20,12.74,100
RVBD,09:30:00.20,17.97,100
RVBD,09:30:00.20,17.97,200
DRYS,09:30:00.20,4.38,33
ELRC,09:30:00.20,18.4,412
EBAY,09:30:00.20,54.97,100
EBAY,09:30:00.20,54.98,94
EBAY,09:30:00.20,54.98,176
NTGR,09:30:00.20,32.85,962
NEWP,09:30:00.20,17.92,3049
MCGC,09:30:00.20,4.39,1741
MFRI,09:30:00.20,15,7032
CPTA,09:30:00.20,19.88,152
CPLA,09:30:00.20,66.25,534
CTAS,09:30:00.20,59.25,11832
CPTA,09:30:00.20,19.88,152
CME,09:30:00.20,77.96,606169
NIHD,09:30:00.20,2.76,19803
NUTR,09:30:00.20,26.78,400
OBCI,09:30:00.20,2.43,1360
ONNN,09:30:00.20,8,1000
BOCH,09:30:00.20,5.66,901
PFSW,09:30:00.20,9,1023
PNQI,09:30:00.20,68.31,3020
PAYX,09:30:00.20,45.43,100
PBCT,09:30:00.20,15.07,100
PNQI,09:30:00.20,68.3,14
PNQI,09:30:00.20,68.3,86
PFSW,09:30:00.20,9,1023
PNQI,09:30:00.20,68.31,3020
PSMT,09:30:00.20,114.69,1426
PCOM,09:30:00.20,25.39,30
MFSF,09:30:00.20,17.12,300
MCGC,09:30:00.20,4.39,96
MCGC,09:30:00.20,4.39,1741
MCGC,09:30:00.20,4.38,96
MFRM,09:30:00.20,42.8,626
LWAY,09:30:00.20,15.9,290
VTNC,09:30:00.20,6.46,100
VTNC,09:30:00.20,6.46,300
VTNC,09:30:00.20,6.46,200
VXUS,09:30:00.20,51.83,19758
VTNC,09:30:00.20,6.46,100
VISN,09:30:00.20,24.11,5041
VIEW,09:30:00.20,2.35,400
VLKAY,09:30:00.20,53.09,100
VLKAY,09:30:00.20,53.09,111
VLKAY,09:30:00.20,53.09,30
VTEQ,09:30:00.20,2.11,4
FMCC,09:30:00.20,2.905,32
FMCC,09:30:00.20,2.905,14
FMCC,09:30:00.20,2.905,200
FMCC,09:30:00.20,2.905,5000
FMCC,09:30:00.20,2.905,166
FMCC,09:30:00.20,2.905,300
FMCC,09:30:00.20,2.905,588
FNMA,09:30:00.20,3.005,80
FMCC,09:30:00.20,2.905,2412
FMCC,09:30:00.20,2.905,988
FNMA,09:30:00.20,3.005,380
FMCC,09:30:00.20,2.905,10
FMCC,09:30:00.20,2.905,750
FNMA,09:30:00.20,3.005,400
FITX,09:30:00.20,0.006,5000
FMCC,09:30:00.20,2.905,15
FMCC,09:30:00.20,2.905,500
FMCC,09:30:00.20,2.905,250
FNMA,09:30:00.20,3.005,100
ASIA,09:30:00.20,11.95,100
ANSS,09:30:00.20,87.17,8
AMRN,09:30:00.20,1.93,10
CMPD,09:30:00.20,0.11,4000
CVST,09:30:00.20,0.0021,1000
BDTTZ,09:30:00.20,0.001,300
UGNEQ,09:30:00.20,0.0003,200000
UGNEQ,09:30:00.20,0.0003,200000
TITXF,09:30:00.20,0.9,10
TNKY,09:30:00.20,0.135,25
ENZN,09:30:00.20,1.17,12432
ELRC,09:30:00.20,18.4,412
DXJS,09:30:00.20,30.16,1120
DTEGY,09:30:00.20,16.69,300
DRETF,09:30:00.20,27.152,700
EANRF,09:30:00.20,0.262,1000
DRETF,09:30:00.20,27.143,3
PLPE,09:30:00.20,0.16,1000
PHOT,09:30:00.20,0.1575,3300
PHOT,09:30:00.20,0.1575,1000
PHOT,09:30:00.20,0.1575,200
PHOT,09:30:00.20,0.1575,200
PHOT,09:30:00.20,0.1575,150
PHOT,09:30:00.20,0.1575,5850
PHOT,09:30:00.20,0.157,4900
GIVN,09:30:00.20,29.98,3873
FTSL,09:30:00.20,49.67,152
GENT,09:30:00.20,57.1,1946
GIVN,09:30:00.20,29.98,3873
FTSL,09:30:00.20,49.67,152
GENT,09:30:00.20,57.1,1946
GILD,09:30:00.20,75.37,7
GLRP,09:30:00.20,0.0625,8000
GNBT,09:30:00.20,0.0281,830
GNBT,09:30:00.20,0.0278,5270
FSPM,09:30:00.20,0.49,95
FITX,09:30:00.20,0.006,5000
FITX,09:30:00.20,0.006,5000
KGET,09:30:00.20,0.0027,307000
LATF,09:30:00.20,0.0004,1700000
JFBC,09:30:00.20,11.36,1
NEOM,09:30:00.20,0.0013,2000
PHOT,09:30:00.20,0.1575,616
PHOT,09:30:00.20,0.157,100
PHOT,09:30:00.20,0.1575,5916
PHOT,09:30:00.20,0.157,1900
PHOT,09:30:00.20,0.157,900
PHOT,09:30:00.20,0.157,3100
PHOT,09:30:00.20,0.1575,3584
PHOT,09:30:00.20,0.1575,3000
PHOT,09:30:00.20,0.157,296
PHOT,09:30:00.20,0.1575,1300
PHOT,09:30:00.20,0.157,300
PHOT,09:30:00.20,0.157,209
PHOT,09:30:00.20,0.1575,2000
PGLC,09:30:00.20,0.341,400
PHOT,09:30:00.20,0.1575,5000
DASTY,09:30:00.20,123.47,50
DHCC,09:30:00.20,0.68,200
DHCC,09:30:00.20,0.68,2000
RUTH,09:30:00.20,13.78,17259
RRST,09:30:00.20,8.4,29
SGDH,09:30:00.20,0.046,500
SFMI,09:30:00.20,0.0021,1000
SGLB,09:30:00.20,0.181,1250
SAP,09:30:00.20,84.97,1900
RVT,09:30:00.20,16.49,300
RVT,09:30:00.20,16.49,300
RVT,09:30:00.20,16.49,200
FITX,09:30:00.20,0.006,10000
FNMA,09:30:00.20,3.005,5000
FNMA,09:30:00.20,3.005,3000
FNMA,09:30:00.20,3,100
FSPM,09:30:00.20,0.485,550
FNMA,09:30:00.20,3,1184
FSPM,09:30:00.20,0.485,875
FIATY,09:30:00.20,9.375,400
FNMA,09:30:00.20,3.005,100
FNMA,09:30:00.20,3.005,100
FIATY,09:30:00.20,9.375,111
FIATY,09:30:00.20,9.375,889
FNMA,09:30:00.20,3.005,46
FNMA,09:30:00.20,3,500
EVEIQ,09:30:00.20,0.0031,84
FNMA,09:30:00.20,3,1578
FNMA,09:30:00.20,3,8716
FIATY,09:30:00.20,9.375,310
FIATY,09:30:00.20,9.375,90
FIATY,09:30:00.20,9.375,200
FCAN,09:30:00.20,36.3,400
FDT,09:30:00.20,51.11,300
FCAN,09:30:00.20,36.31,400
FPA,09:30:00.20,27.92,1440
FDT,09:30:00.20,51.11,300
GDX,09:30:00.20,21.58,125
GDX,09:30:00.20,21.59,300
GDX,09:30:00.20,21.59,100
GDX,09:30:00.20,21.585,100
ATSG,09:30:00.20,8.07,311
ARIA,09:30:00.20,7.03,1000
ASIA,09:30:00.20,11.95,100
APDN,09:30:00.20,0.1646,3846
APDN,09:30:00.20,0.1583,1000
APDN,09:30:00.20,0.1646,4999
AAL,09:30:00.20,25.07,100
ADP,09:30:00.20,80.17,100
ADP,09:30:00.20,80.12,12
ABCB,09:30:00.20,21.09,47
ACTG,09:30:00.20,14.5,2058
ACWX,09:30:00.20,46.14,100
ACWX,09:30:00.20,46.14,100
ACTG,09:30:00.20,14.5,2058
ACTC,09:30:00.20,0.0625,111822
AERG,09:30:00.20,0.0095,3000
ACG,09:30:00.20,7.13,500
ABX,09:30:00.20,17.95,300
ACI,09:30:00.20,4.43,1740
AGN,09:30:00.20,110.77,100
ABX,09:30:00.20,17.95,300
ADM,09:30:00.20,43.26,93
GDX,09:30:00.20,21.585,100
GDX,09:30:00.20,21.585,100
GDX,09:30:00.20,21.585,100
GDX,09:30:00.20,21.585,100
GDX,09:30:00.20,21.585,100
GDX,09:30:00.20,21.585,100
NEM,09:30:00.20,23.47,100
IWDMD,09:30:00.20,0.75,74
ISCI,09:30:00.20,0.03,3000
IYR,09:30:00.20,62.92,100
LSCG,09:30:00.20,0.31,20
LNVGY,09:30:00.20,24.55,100
MAS,09:30:00.20,22.73,100
MAS,09:30:00.20,22.73,100
MCO,09:30:00.20,77.7,100
MEI,09:30:00.20,34.25,100
CDW,09:30:00.20,23.36,568
CHUY,09:30:00.20,34.52,20
CLNE,09:30:00.20,12.81,15163
BYDDF,09:30:00.20,4.8,750
SSRI,09:30:00.20,7.13,85
THRD,09:30:00.20,28.2,300
TECUB,09:30:00.20,9.11,400
STBA,09:30:00.20,25.29,969
STCK,09:30:00.20,18.2,1155
TAGG,09:30:00.20,0.0006,2000000
TAGG,09:30:00.20,0.0007,14000
TAGG,09:30:00.20,0.0005,30961
SWDBY,09:30:00.20,27.71,500
SYY,09:30:00.20,36.69,100
TEVA,09:30:00.20,40.03,4
TEVA,09:30:00.20,40.03,4
TCK,09:30:00.20,25.79,100
SRTY,09:30:00.20,10.82,400
SRTY,09:30:00.20,10.82,400
XLV,09:30:00.20,55.31,200
CHMP,09:30:00.20,0.35,500
CHCR,09:30:00.20,0.0645,2000
BTG,09:30:00.20,2.11,300
GYST,09:30:00.20,0.0017,600000
HIIT,09:30:00.20,0.55,140
GWBU,09:30:00.20,0.0034,200
DUST,09:30:00.20,41.21,10
ADM,09:30:00.20,43.27,100
ADM,09:30:00.20,43.28,1107
ABX,09:30:00.20,17.95,300
AXP,09:30:00.20,90.95,32
ASGN,09:30:00.20,34.8,2273
ASX,09:30:00.20,4.73,100
ASX,09:30:00.20,4.73,100
MT,09:30:00.20,17.61,1000
MT,09:30:00.20,17.61,700
MSFT,09:30:00.20,37.39,32
MYL,09:30:00.20,43.38,29
MSFT,09:30:00.20,37.35,100
MSFT,09:30:00.20,37.35,100
MZOR,09:30:00.20,20.6,100
MTZPY,09:30:00.20,13.9,88
NANX,09:30:00.20,0.4448,500
FCAN,09:30:00.20,36.32,400
EZU,09:30:00.20,40.48,100
CEF,09:30:00.20,13.52,800
BRS,09:30:00.20,75.17,100
CCJ,09:30:00.20,20.68,95
SNTI,09:30:00.20,6.03,316
SPN,09:30:00.20,26.44,100
BAC,09:30:00.20,15.68,100
BHLB,09:30:00.20,27.28,419
BFR,09:30:00.20,6.95,1200
BID,09:30:00.20,52.96,7598
BOH,09:30:00.20,58.93,761
BPT,09:30:00.20,79.63,2262
BPZ,09:30:00.20,1.83,7399
BBD,09:30:00.20,12.21,200
BMO,09:30:00.20,66.56,100
BA,09:30:00.20,136,32
NUGT,09:30:00.20,29.23,100
NUGT,09:30:00.20,29.31,100
NUGT,09:30:00.20,29.31,3570
NUGT,09:30:00.20,29.31,100
NUGT,09:30:00.20,29.32,100
CBZ,09:30:00.20,9.12,2506
CCU,09:30:00.20,24.13,1250
CFI,09:30:00.20,20.5,2366
CLGX,09:30:00.20,35.34,3926
CCU,09:30:00.20,23.97,50
CCU,09:30:00.20,23.9,1000
WNEA,09:30:00.20,0.0065,9000
XHB,09:30:00.20,33.02,87
KGC,09:30:00.20,4.45,100
KGC,09:30:00.20,4.45,800
JEC,09:30:00.20,63.67,100
CNQR,09:30:00.20,102.97,2538
RELL,09:30:00.20,11.35,121
QCLN,09:30:00.20,17.85,1345
UNIS,09:30:00.20,4.41,5117
UFPI,09:30:00.20,51.77,452
OBAF,09:30:00.20,18.11,100
NEWP,09:30:00.20,17.92,3049
OPHT,09:30:00.20,32.12,439
VLKAY,09:30:00.20,53.09,200
UTX,09:30:00.20,112.9,100
USB,09:30:00.20,39.8,200
USB,09:30:00.20,39.8,200
USB,09:30:00.20,39.8,200
USB,09:30:00.20,39.8,400
USB,09:30:00.20,39.8,300
USB,09:30:00.20,39.81,200
VFC,09:30:00.20,63.07,2
USB,09:30:00.20,39.76,100
USB,09:30:00.20,39.8,100
VFC,09:30:00.20,63.07,98
USB,09:30:00.20,39.81,200
CDW,09:30:00.20,23.36,568
CCUR,09:30:00.20,8.11,500
HSNI,09:30:00.20,62.33,2427
HSNI,09:30:00.20,62.43,97
HSNI,09:30:00.20,62.48,3
ICLN,09:30:00.20,10.4,110
HTBX,09:30:00.20,7.17,300
RDCM,09:30:00.20,5.38,2800
ROST,09:30:00.20,74.35,20924
RLOG,09:30:00.20,5.86,1000
RELL,09:30:00.20,11.35,121
QCLN,09:30:00.20,17.85,1345
RJET,09:30:00.20,10.74,15892
ROST,09:30:00.20,74.35,20924
RGEN,09:30:00.20,13.74,10
CFFI,09:30:00.20,45.34,477
CHKP,09:30:00.20,63.65,56153
CLNE,09:30:00.20,12.81,15163
LFVN,09:30:00.20,1.65,10308
LDRH,09:30:00.20,23.92,3986
KONG,09:30:00.20,7.22,4500
JDSU,09:30:00.20,12.87,100
KONG,09:30:00.20,7.22,200
JDSU,09:30:00.20,12.87,100
KONG,09:30:00.20,7.2,200
LFVN,09:30:00.20,1.65,10308
JDSU,09:30:00.20,12.87,21951
LDRH,09:30:00.20,23.92,3986
LAYN,09:30:00.20,17.03,675
NUAN,09:30:00.20,15.24,100
NUAN,09:30:00.20,15.24,44
FB,09:30:00.20,54.83,200
FB,09:30:00.20,54.85,300
FSYS,09:30:00.20,13.9,3883
FB,09:30:00.20,54.83,100
FITB,09:30:00.20,20.94,100
ETFC,09:30:00.20,19.71,100
FSLR,09:30:00.20,54.46,100
FFBC,09:30:00.20,17.42,2739
ETFC,09:30:00.20,19.71,35958
HITT,09:30:00.20,61.64,456
GT,09:30:00.20,23.74,18
HSNI,09:30:00.20,62.33,2427
ICLR,09:30:00.20,40.35,2
ICPT,09:30:00.20,67.79,2033
HTBX,09:30:00.20,7.17,300
HITT,09:30:00.20,61.64,456
IWM,09:30:00.20,115.07,100
IWM,09:30:00.20,115.08,200
IWM,09:30:00.20,115.08,100
IYR,09:30:00.20,62.92,100
CNAT,09:30:00.20,6.46,200
CPLA,09:30:00.20,66.25,534
CTAS,09:30:00.20,59.25,11832
CSCO,09:30:00.20,22.26,32
CSCO,09:30:00.20,22.26,48
CSCO,09:30:00.20,22.26,200
CRTX,09:30:00.20,9.48,2446
VZ,09:30:00.20,49.05,32
DBLE,09:30:00.23,2.33,2765
DBLE,09:30:00.23,2.33,2765
DIA,09:30:00.23,164.79,100
DD,09:30:00.23,64.3,32
DDC,09:30:00.23,14.5,100
CVX,09:30:00.23,124.47,32
CVX,09:30:00.23,124.47,32
COG,09:30:00.23,38.57,27733
CODI,09:30:00.23,19.53,1256
COF,09:30:00.23,76.61,47162
COTY,09:30:00.23,15.27,2325
COF,09:30:00.23,76.6,201
EZU,09:30:00.23,40.47,2600
EZU,09:30:00.23,40.47,2700
EZU,09:30:00.23,40.48,100
EZU,09:30:00.23,40.47,2400
FCAN,09:30:00.23,36.33,300
FPA,09:30:00.23,27.92,1440
FRX,09:30:00.23,60,100
FRX,09:30:00.23,60.05,100
FRX,09:30:00.23,60.05,100
FNV,09:30:00.23,41.39,2400
GDOT,09:30:00.23,25.32,1200
GPS,09:30:00.23,39.29,100
GE,09:30:00.23,27.87,82
GE,09:30:00.23,27.87,32
DUK,09:30:00.23,69.2,30
DUK,09:30:00.23,69.2,30
DUK,09:30:00.23,69.2,170
CAT,09:30:00.23,90.42,32
CCU,09:30:00.23,23.9,1700
CCU,09:30:00.23,23.89,100
CCU,09:30:00.23,23.87,100
BBH,09:30:00.23,88.75,50
UNIS,09:30:00.23,4.41,5117
UBSH,09:30:00.23,24.76,783
UFPI,09:30:00.23,51.77,452
UN,09:30:00.23,39.51,2000
UN,09:30:00.23,39.51,1000
RDY,09:30:00.23,40.93,1
RDY,09:30:00.23,40.93,1
ZIPR,09:30:00.23,5.61,38
ZIPR,09:30:00.23,5.61,38
XLY,09:30:00.23,66.7,15
XLV,09:30:00.23,55.31,70
XLV,09:30:00.23,55.31,6
XLV,09:30:00.23,55.31,102
XLB,09:30:00.23,45.94,100
WRE,09:30:00.23,23.2,2
WLP,09:30:00.23,92,1030
WRE,09:30:00.23,23.2,2
VGK,09:30:00.23,57.85,240
VGK,09:30:00.23,57.85,160
VEA,09:30:00.23,41.22,300
PG,09:30:00.23,81.33,32
PFE,09:30:00.23,30.49,32
POT,09:30:00.23,33.15,100
POT,09:30:00.23,33.15,100
POT,09:30:00.23,33.14,100
PBP,09:30:00.23,20.7,100
THRD,09:30:00.23,28.2,300
VTNC,09:30:00.23,6.46,300
VXUS,09:30:00.23,51.83,19758
VISN,09:30:00.23,24.11,5041
INTC,09:30:00.23,25.78,7
IMI,09:30:00.23,5.03,200
ITRN,09:30:00.23,22.04,1652
INCY,09:30:00.23,50.32,7312
FIVE,09:30:00.23,43.08,3105
FITB,09:30:00.23,21.02,100
FITB,09:30:00.23,21.02,100
FB,09:30:00.23,54.83,100
FFBC,09:30:00.23,17.42,2739
FONE,09:30:00.23,33.16,1
FITB,09:30:00.23,20.94,166
FLL,09:30:00.23,2.76,500
FITB,09:30:00.23,21.02,100
RUTH,09:30:00.23,13.78,17259
RSOL,09:30:00.23,3,7270
RRST,09:30:00.23,8.4,29
RSOL,09:30:00.23,3,7270
ENZN,09:30:00.23,1.17,12432
DYSL,09:30:00.23,1.16,400
EPAX,09:30:00.23,4.66,1200
DXJS,09:30:00.23,30.16,1120
DXYN,09:30:00.23,13.21,288
EGHT,09:30:00.23,10.17,6654
ENVI,09:30:00.23,3.43,4255
DRYS,09:30:00.23,4.38,300
EEFT,09:30:00.23,47,115
ECPG,09:30:00.23,50.03,1094
DYSL,09:30:00.23,1.16,400
TECUB,09:30:00.23,9.11,400
STBA,09:30:00.23,25.29,969
STX,09:30:00.23,55.46,100
STX,09:30:00.23,55.41,71
SYMX,09:30:00.23,0.62,6000
TAYC,09:30:00.23,26.47,32
SYNM,09:30:00.23,3.36,180
SYUT,09:30:00.23,8.93,700
SSYS,09:30:00.23,134.83,32
CME,09:30:00.23,77.96,606169
CRNT,09:30:00.23,3.02,9150
CNQR,09:30:00.23,102.97,2538
CNAT,09:30:00.23,6.46,200
CRVL,09:30:00.23,46.89,2332
CVGI,09:30:00.23,7.27,945
CRTX,09:30:00.23,9.48,2446
CMTL,09:30:00.23,31.5,1161
CSCO,09:30:00.23,22.25,65
COCO,09:30:00.23,1.77,5428
SKYW,09:30:00.23,14.76,6018
SKYW,09:30:00.23,14.76,6018
GK,09:30:00.23,62.13,179
GLDI,09:30:00.23,14.04,153
GERN,09:30:00.23,4.75,19389
GK,09:30:00.23,62.13,179
GILD,09:30:00.23,75.37,265
GILD,09:30:00.23,75.36,40
CMO,09:30:00.23,12.09,9867
CQB,09:30:00.23,11.7,7415
CNW,09:30:00.23,39.62,2952
IMKTA,09:30:00.23,26.97,151
INTX,09:30:00.23,7.74,640
ISHG,09:30:00.23,95.47,5793
INWK,09:30:00.23,7.73,2703
VTNC,09:30:00.23,6.46,100
VIEW,09:30:00.23,2.35,400
VGSH,09:30:00.23,60.87,1818
EQR,09:30:00.23,51.91,200
ESC,09:30:00.23,21.6,4359
ENR,09:30:00.23,108.15,2633
EOS,09:30:00.23,12.99,4373
DRU,09:30:00.23,25.7,773
DTZ,09:30:00.23,24.25,2710
EQM,09:30:00.23,58.6,10175
EOI,09:30:00.23,13,10955
DUKH,09:30:00.23,20.65,1286
PRAA,09:30:00.23,52.53,3532
PHMD,09:30:00.23,14.1,1000
PHMD,09:30:00.23,14.1,1000
PBCT,09:30:00.23,15.07,133
PRAA,09:30:00.23,53,80
PHMD,09:30:00.23,14.1,200
PHMD,09:30:00.23,14.1,800
PHMD,09:30:00.23,14.2,1000
PSMT,09:30:00.23,114.69,1426
PCOM,09:30:00.23,25.39,30
PSCF,09:30:00.23,39.44,1
PRAA,09:30:00.23,52.53,3532
PLUG,09:30:00.23,2.06,100
MRK,09:30:00.23,49.88,32
NCTY,09:30:00.23,2.2,3000
NBBC,09:30:00.23,7.47,647
NAVG,09:30:00.23,63,341
NCTY,09:30:00.23,2.2,3000
CEF,09:30:00.23,13.52,800
BIND,09:30:00.23,15.1,198
BLMT,09:30:00.23,15.05,207
BIRT,09:30:00.23,7.67,3734
BIND,09:30:00.23,15.1,198
MASI,09:30:00.23,29.06,1958
MFRM,09:30:00.23,42.8,626
MDCA,09:30:00.23,25.45,955
LULU,09:30:00.23,59.08,18907
LSTR,09:30:00.23,57.42,1678
LWAY,09:30:00.23,15.9,290
LOAN,09:30:00.23,1.76,1
LPTN,09:30:00.23,4.27,300
MASI,09:30:00.23,29.06,1958
MKTG,09:30:00.23,27.31,4745
CNA,09:30:00.23,42.65,700
CRI,09:30:00.23,71.76,1619
CTS,09:30:00.23,19.91,5280
CSS,09:30:00.23,28.7,100
CSS,09:30:00.23,28.7,100
CPF,09:30:00.23,20.07,443
CSS,09:30:00.23,28.68,100
CUDA,09:30:00.23,39.6,5687
GDX,09:30:00.23,21.585,100
GDX,09:30:00.23,21.58,100
GDX,09:30:00.23,21.58,100
GDX,09:30:00.23,21.58,500
GDX,09:30:00.23,21.58,100
GDX,09:30:00.23,21.58,100
EFA,09:30:00.23,66.23,10
EFA,09:30:00.23,66.23,176
DXJ,09:30:00.23,50.35,100
DXJ,09:30:00.23,50.36,80
ECF,09:30:00.23,8.14,152
EGI,09:30:00.23,0.3098,198
EZU,09:30:00.23,40.48,100
EZU,09:30:00.23,40.47,145
FIW,09:30:00.23,33.75,500
FIW,09:30:00.23,33.76,500
FIW,09:30:00.23,33.77,500
FIW,09:30:00.23,33.78,500
FIW,09:30:00.23,33.79,500
FIW,09:30:00.23,33.8,500
FIW,09:30:00.23,33.81,500
FIW,09:30:00.23,33.82,500
FIW,09:30:00.23,33.76,500
FIW,09:30:00.23,33.77,500
FIW,09:30:00.23,33.78,500
FIW,09:30:00.23,33.79,500
FIW,09:30:00.23,33.8,500
FIW,09:30:00.23,33.81,462
CCK,09:30:00.23,44.45,1707
BRO,09:30:00.23,31.23,200
CBM,09:30:00.23,17.72,2616
CCC,09:30:00.23,20.56,1109
CFR,09:30:00.23,74.11,1938
BRO,09:30:00.23,31.23,100
CHD,09:30:00.23,66.26,8063
CHD,09:30:00.23,66.28,5
CHH,09:30:00.23,49.04,356
FNV,09:30:00.23,41.39,2400
FLO,09:30:00.23,21.47,12968
ETB,09:30:00.23,14.87,5113
EV,09:30:00.23,42.62,11863
FNFG.PR.B,09:30:00.23,27.83,493
ASTC,09:30:00.23,2.83,5180
AVID,09:30:00.23,8.13,1258
AWAY,09:30:00.23,40.92,6855
ATVI,09:30:00.23,17.87,94003
ATVI,09:30:00.23,17.87,100
ASTC,09:30:00.23,2.83,5180
ATTU,09:30:00.23,10.05,24482
ASIA,09:30:00.23,11.95,86
ATW,09:30:00.23,53.23,100
AVB,09:30:00.23,118.25,100
BRO,09:30:00.23,31.23,100
CIE,09:30:00.23,16.31,12527
CIR,09:30:00.23,80.61,136
ACRX,09:30:00.23,11.16,9879
AGNCP,09:30:00.23,25.58,1118
AEZS,09:30:00.23,1.41,100
AAL,09:30:00.23,25.06,87
ACRX,09:30:00.23,11.16,9879
